2256 3608
94 235 132 296 18
409 251 582 296 Annnroos
615 251 679 297 Lm.
703 251 762 314 vir.

90 400 234 467 quattuor
249 391 280 448 in
296 391 398 449 medio
414 391 527 449 dirimit
542 392 633 468 plaga
650 391 729 450 Solis
745 391 850 468 iniqui.

89 484 203 542 diluvio
219 504 256 542 ex
271 484 322 542 illo
338 494 383 543 tot
399 495 486 542 vasta
501 505 556 560 per
571 504 705 560 aequora
720 485 800 543 vecti

90 578 137 635 dis
154 579 258 636 sedem
274 577 413 654 exiguam
429 578 535 653 patriis
551 578 684 654 litusque
699 597 841 654 rogamus

90 671 254 729 innocuum
270 680 300 729 et
315 672 433 729 cunctis
449 671 624 746 undamque
640 690 806 746 auramque
821 681 991 746 patentem.
1036 685 1076 736 ²30

74 836 77 841 ᾗ
90 784 152 822 non
167 763 278 822 erimus
294 783 388 840 regno
404 762 573 836 indecores,
590 783 647 821 nec
662 774 764 822 vestra
778 765 893 822 feretur

89 857 172 914 fama
187 856 271 929 levis,
288 857 403 914 tantive
419 857 575 914 abolescet
590 857 688 933 gratia
702 857 784 930 faeti,

90 969 147 1008 nec
163 950 286 1008 Troiam
303 950 458 1008 Ausonios
473 949 588 1026 gremio
604 949 762 1025 excepisse
777 949 903 1026 pigebit.

90 1043 154 1100 iata
169 1062 223 1118 per
238 1045 363 1100 Aeneae
379 1041 444 1100 iuro
460 1043 659 1118 dextramque
675 1052 841 1118 potentem,

91 1134 154 1193 sive
170 1136 230 1193 fide
246 1155 300 1193 seu
316 1135 385 1211 quis
399 1136 481 1193 bello
497 1145 544 1193 est
555 1123 702 1211 expertus
718 1145 748 1194 et
765 1135 869 1194 armis:

91 1229 176 1287 multi
192 1248 248 1286 nos
264 1228 378 1304 populi,
395 1228 508 1286 multae
520 1265 562 1270 —
573 1248 611 1286 ne
627 1238 739 1301 temne,
757 1230 840 1304 quod
855 1230 936 1288 ultro

90 1322 289 1396 praeferimus
305 1321 446 1379 manibus
462 1320 553 1379 vittas
569 1340 605 1379 ac
620 1322 713 1379 verba
728 1321 886 1397 precantia
897 1359 941 1366 —

91 1424 121 1472 et
136 1415 250 1490 petiere
267 1414 325 1472 sibi
341 1423 370 1472 et
385 1415 508 1472 voluere
524 1414 688 1490 adiungere
704 1424 825 1491 gentes;

91 1509 146 1565 sed
159 1527 219 1589 ¹nos
233 1508 298 1565 fata
313 1507 405 1564 deum
420 1517 537 1565 vestras
553 1507 710 1582 exquirere
726 1517 822 1566 terras

91 1600 224 1676 imperiis
240 1619 328 1676 egere
345 1598 416 1658 suis
464 1600 547 1658 Hinc
564 1601 728 1659 Dardanus
744 1610 841 1673 ortus;

91 1693 150 1752 huc
166 1693 275 1768 repetit
291 1693 444 1767 iussisque
460 1692 635 1768 ingentibus
651 1703 758 1770 urguet
774 1694 886 1769 Apollo

91 1787 281 1864 Tyrrhenum
298 1787 337 1843 ad
353 1786 500 1863 Thybrim
517 1795 547 1843 et
562 1786 656 1844 fontis
673 1787 752 1844 vada
767 1806 854 1844 saera
870 1788 1003 1848 Numici.

92 1881 143 1937 dat
159 1880 214 1937 tibi
231 1889 388 1954 praeterea
406 1882 558 1936 Fortunae
574 1899 667 1954 parva
682 1879 790 1954 prioris

93 1992 224 2043 munera,
242 1972 385 2047 reliquias
402 1974 428 2028 T
431 1972 494 2030 roia
510 1992 546 2029 ex
562 1973 688 2029 ardente
704 1981 850 2048 receptas

93 2066 148 2123 hoc
164 2076 250 2140 pater
266 2065 419 2122 Anchises
436 2085 509 2123 auro
525 2065 640 2123 libabat
657 2065 696 2122 ad
711 2085 791 2136 aras;

93 2160 149 2216 hoc
166 2158 276 2215 Priami
293 2168 452 2234 gestamen
469 2168 541 2229 erat,
559 2177 627 2215 cum
644 2157 708 2215 iura
723 2158 840 2216 vocatis

93 2271 174 2309 more
190 2253 276 2309 daret
291 2252 422 2326 populis,
441 2261 654 2326 sceptrumque
671 2271 817 2326 sacerque
832 2251 925 2310 tiaras

92 2345 284 2420 iliadumque
302 2345 388 2404 labor
403 2355 513 2403 vestes.

132 2438 259 2495 Talibus
278 2438 387 2495 Ilionei
404 2437 609 2534 dictiqdefixa
625 2438 753 2496 Latinus

91 2532 199 2589 obtutu
215 2541 299 2589 tenet
315 2551 376 2602 ora,
395 2531 522 2606 soloque
538 2530 702 2588 immobilis
717 2531 830 2603 haeret,

91 2624 224 2681 intentos
242 2625 368 2682 voluens
385 2626 499 2682 oculos.
546 2627 612 2681 Nec
627 2643 759 2698 purpura
775 2644 875 2700 regem

90 2717 171 2792 picta
188 2729 297 2789 movet,
316 2738 373 2776 nec
390 2729 510 2794 sceptra
525 2727 648 2775 movent
666 2716 815 2774 Priameia
830 2727 958 2790 tantum,

91 2821 238 2884 quantum
255 2812 284 2867 in
302 2813 434 2870 conubio
450 2822 540 2869 natae
556 2811 752 2886 thalamoque
768 2821 914 2882 moratur3

90 2913 119 2961 et
135 2904 246 2962 veteris
265 2905 361 2961 Fauni
377 2905 470 2963 volvit
487 2906 543 2963 sub
560 2914 683 2980 pectore
700 2915 825 2962 sortem:

89 2997 170 3054 hunc
188 2998 271 3055 illum
287 2998 358 3055 fatis
375 3008 499 3056 externa
516 2999 554 3056 ab
571 2998 644 3055 sede
660 2998 831 3072 profectum
1038 3010 1081 3063 255

135 3182 179 3228 227
195 3168 311 3232 dirimit,
323 3177 434 3215 removet.
442 3169 576 3232 —plaga,
586 3184 654 3215 zotta.
662 3196 695 3202 —
704 3182 716 3214 2
720 3182 751 3230 30
764 3168 873 3231 undam,
884 3183 986 3228 aquam.
994 3197 1029 3204 —
1037 3182 1082 3233 233

79 3242 199 3309 pigebit,
211 3245 440 3309 paenitebit-23
444 3258 456 3310 5
474 3245 536 3309 fide,
550 3244 791 3308 foederibus—241
812 3243 920 3306 repetit,
940 3252 1085 3292 revocat.—

65 3331 117 3377 244
128 3323 267 3390 receptas,
281 3331 390 3388 ereptas.
401 3339 455 3372 —2
461 3337 494 3390 54
508 3324 622 3386 sortem,
637 3321 780 3373 oraculum,
789 3318 841 3363 W.
853 3317 910 3376 qno.
