2256 3608
92 195 134 257 26
410 213 583 258 Aruernos
615 214 679 259 rra.
704 214 764 260 vn.

91 353 186 411 disice
203 352 404 428 compositam
420 372 536 428 pacem,
553 372 619 411 sere
635 353 761 411 crimina
776 353 862 426 belli;

91 466 174 503 arma
189 446 262 503 velit
277 456 446 520 poscatque
462 445 552 503 simul
567 445 727 522 rapiatque
743 447 894 506 iuventus.

134 540 211 597 Exin
227 537 398 615 Gorgoneis
414 539 523 596 Alecto
540 538 654 597 iniecta
668 540 796 598 venenis

90 632 241 709 principio
257 632 378 689 Latium
394 641 424 689 et
441 631 602 689 Laurentis
617 642 699 690 tecta
714 633 835 711 tyranni

91 727 174 784 celsa
189 724 273 801 petit,
290 725 477 800 tacitumque
493 725 615 783 obsedit
630 725 721 782 limen
738 729 877 798 Amatae,

91 839 183 894 quam
199 837 290 893 super
306 818 440 875 adventu
456 819 608 875 Teucrum
624 818 780 894 Turnique
796 819 978 896 hymenaeis

90 911 241 968 femineae
257 911 415 968 ardentem
430 929 582 985 curaeque
598 910 721 986 iraeque
737 912 923 986 coquebant.

90 1004 162 1061 huic
178 1004 236 1061 dea
252 1002 398 1060 caeruleis
415 1022 508 1059 unum
524 1003 562 1060 de
578 1003 713 1061 crinibus
729 1023 859 1080 anguem

91 1096 204 1154 conicit
220 1096 312 1171 inque
328 1095 427 1154 sinum
443 1096 622 1171 praecordia
637 1097 677 1154 ad
693 1097 799 1154 intima
815 1097 930 1170 subdit,

91 1209 152 1264 quo
168 1189 333 1246 furibunda
348 1188 471 1246 domum
487 1199 624 1247 monstro
639 1189 822 1264 permisceat
837 1209 972 1251 omnem.

91 1283 150 1354 ille,
168 1282 246 1339 inter
261 1290 363 1338 vestes
379 1290 409 1338 et
424 1281 503 1338 levia
517 1291 643 1356 pectora
658 1282 772 1357 lapsus,

91 1375 222 1432 volvitur
238 1383 353 1431 attactu
369 1374 461 1446 nullo,
478 1374 617 1449 fallitque
632 1375 793 1447 furentem,

90 1467 243 1543 vipeream
259 1467 412 1542 inspirans
429 1467 574 1539 animam;
596 1467 630 1524 fit
645 1467 746 1526 tortile
762 1468 841 1526 collo

90 1579 195 1631 aurum
212 1559 320 1636 ingens
336 1560 468 1631 coluber,
485 1560 518 1617 fit
534 1560 643 1636 longae
659 1561 761 1618 taenia
776 1561 879 1633 vittae,

89 1651 278 1727 innectitque
294 1672 407 1724 comas
424 1662 454 1709 et
469 1652 613 1710 membris
629 1652 762 1711 lubricus
778 1663 866 1712 errat.

90 1763 125 1802 ac
141 1746 213 1803 dum
228 1745 325 1820 prima
341 1745 406 1802 lues
421 1745 483 1802 udo
499 1745 645 1820 sublapsa
660 1765 780 1804 veneno

88 1848 272 1913 pertemptat
289 1857 397 1895 sensus
414 1846 505 1912 atque
521 1838 643 1896 ossibus
660 1838 795 1914 implicat
811 1839 921 1915 ignem,

89 1932 220 1989 necdum
236 1930 354 1987 animus
371 1940 436 1988 toto
452 1930 588 2005 percepit
603 1941 727 2006 pectore
743 1932 905 2004 flammam,

88 2024 218 2096 mollius,
236 2033 266 2081 et
281 2023 371 2081 solito
387 2033 516 2080 matrum
532 2024 570 2081 de
587 2043 678 2094 more,
696 2024 797 2082 locuta
812 2034 867 2096 est,

89 2117 183 2174 multa
199 2136 290 2192 super
305 2126 377 2173 nata
392 2115 554 2187 lacrimans
572 2116 771 2193 Phrygiisque
787 2118 981 2194 hymenaeis:

18 2205 29 2218 '
89 2210 285 2267 exsulibusne
302 2210 391 2266 datur
406 2209 547 2266 ducenda
564 2209 691 2266 Lavinia
706 2210 842 2282 Teucris

44 2292 48 2297 ’
89 2322 107 2360 o
122 2302 260 2378 genitor?
278 2321 334 2358 nec
350 2312 379 2359 te
396 2289 518 2358 miseret
532 2311 705 2376 gnataeque
721 2302 846 2377 tuique?

89 2415 146 2453 nec
162 2394 265 2452 matris
282 2395 412 2465 miseret,
430 2393 633 2469 quamprimo
650 2395 792 2469 aquilone
808 2396 960 2471 relinquet

88 2489 231 2563 perfidus
249 2488 310 2545 alta
325 2497 433 2562 petens
450 2488 583 2544 abducta
598 2486 723 2563 virgine,
739 2488 874 2562 praedo?

89 2591 120 2638 at
135 2601 197 2638 non
213 2581 257 2638 sic
274 2580 421 2657 Phrygius
438 2589 578 2654 penetrat
594 2580 828 2638 Lacedaemona
843 2590 948 2656 pastor

90 2675 305 2748 Ledaeamque
323 2673 475 2730 Helenam
491 2672 641 2729 Troianas
657 2673 739 2730 vexit
754 2674 793 2731 ad
809 2675 921 2732 urbes?

90 2767 163 2841 quid
179 2776 231 2823 tua
247 2775 353 2823 sancta
368 2766 465 2824 fides?
490 2765 563 2840 quid
579 2784 650 2822 cura
666 2765 792 2841 antiqua
808 2776 928 2823 tuorum
1037 2770 1083 2834 365

62 2909 65 2916 .
90 2869 119 2916 et
135 2858 364 2934 consanguineo
380 2859 492 2916 totiens
509 2859 581 2915 data
597 2859 721 2915 dextera
736 2844 861 2916 Turno?

89 2952 115 3009 si
130 2970 223 3028 gener
239 2961 363 3008 externa
378 2950 491 3026 petitur
506 2952 544 3008 de
560 2959 650 3027 gente
668 2950 794 3023 Latinis,

134 3134 182 3184 339
192 3120 284 3183 disice,
295 3126 390 3180 rumpe.
399 3148 432 3155 -
439 3118 563 3184 crimina,
573 3136 667 3167 causas.
675 3147 710 3155 —
717 3134 762 3183 341
775 3119 847 3184 exin,
857 3123 986 3182 extemplo.
995 3151 1029 3159 —
1038 3138 1084 3188 342

88 3196 231 3260 principio,
237 3197 329 3256 primo.
336 3223 370 3230 —
376 3208 423 3258 345
432 3198 591 3261 coquebant,
600 3197 802 3259 inflammabunt.
809 3225 843 3231 —
849 3210 879 3260 35
884 3209 896 3261 5
905 3199 1084 3266 pertemptat,

87 3273 157 3319 subit.
167 3300 201 3307 -
206 3272 258 3336 356
267 3271 398 3337 percepit,
412 3273 526 3334 concepit.
536 3299 570 3308 —
578 3272 622 3336 361
638 3273 776 3336 aquilone,
785 3279 867 3321 vento.
