2256 3608
97 223 140 289 24
383 287 386 292 ’
415 227 587 273 AENEIDOS
620 228 685 274 LIB.
709 228 768 275 VII.

94 461 215 520 flectere
231 462 257 519 si
273 481 393 538 nequeo
411 463 553 538 SuperoS,
570 462 747 521 Acheronta
762 463 903 522 movebo

94 576 156 614 non
172 554 293 613 dabitur
308 555 418 631 regnis,
436 565 511 627 est0,
527 555 689 630 prohibere
706 554 834 628 LatiniS,

94 660 186 724 atque
201 649 327 706 immota
342 657 445 706 manet
459 647 531 706 fatis
548 647 676 706 Lavinia
692 648 839 707 coniunx:

93 753 124 800 at
139 742 268 812 trahere,
285 751 377 816 atque
392 760 493 799 moras
509 741 603 799 tantis
619 741 690 799 licet
706 741 819 800 addere
835 743 941 814 rebus;
1033 750 1069 805 315

93 845 124 893 at
140 835 210 892 licet
226 835 384 892 amborum
399 834 530 910 populos
546 833 724 893 exscindere
740 853 854 911 regum.
887 839 890 845 '

94 929 150 985 hac
165 947 258 1004 gener
274 936 366 1002 atque
382 946 469 985 socer
484 937 594 985 coeant
609 928 750 985 mercede
765 946 899 986 suorum.

93 1021 241 1096 sanguine
258 1019 393 1077 Troiano
409 1029 439 1077 et
456 1020 571 1077 Rutulo
586 1020 743 1092 dotabere‚
759 1019 855 1096 virgo,

92 1123 123 1172 et
140 1114 265 1171 Bellona
280 1121 384 1170 manet
398 1120 428 1170 te
444 1113 593 1188 pronuba.
639 1115 704 1170 Nec
719 1113 787 1171 face
802 1121 923 1170 tantum

94 1206 209 1266 Cisseis
225 1225 398 1281 praegnans
414 1204 493 1281 ignis
509 1205 599 1263 enixa
614 1205 736 1286 iugalis3
1038 1217 1077 1270 3²0

93 1301 166 1376 quin
183 1299 264 1357 idem
279 1298 392 1356 Veneri
408 1307 513 1373 partus
529 1318 603 1356 suus
618 1307 648 1356 et
665 1298 750 1356 Paris
767 1298 852 1371 alter,

92 1393 295 1467 funestaeque
311 1391 418 1448 iterum
434 1390 567 1469 recidiva
582 1391 614 1448 in
630 1394 779 1468 Pergama
793 1392 913 1451 taedae.

136 1486 225 1543 Haec
241 1484 293 1543 ubi
308 1484 390 1542 dicta
406 1484 499 1556 dedit,
516 1493 611 1542 terras
627 1484 779 1542 horrenda
794 1484 916 1561 petivit:

92 1578 256 1636 luctificam
272 1577 381 1635 Alecto
397 1576 529 1634 dirarum
545 1578 583 1635 ab
600 1577 673 1635 sede
689 1578 815 1635 dearum

93 1670 282 1747 infernisque
298 1670 357 1729 ciet
372 1669 516 1742 tenebris
533 1669 581 1728 cui
596 1670 695 1728 tristia
710 1670 791 1729 bella
895 1670 956 1753 Ἴ
1041 1682 1081 1736 325

93 1765 216 1839 iraeque
232 1763 423 1838 insidiaeque
440 1772 470 1820 et
486 1763 612 1820 crimina
623 1762 719 1847 noxia
734 1763 826 1821 cordi.
933 1835 937 1843 Ι

93 1858 158 1916 odit
174 1867 204 1914 et
220 1856 285 1931 ipse
301 1866 388 1932 pater
404 1857 523 1928 Pluton,
541 1847 642 1913 odere*
650 1851 769 1914 sorores

94 1953 258 2008 Tartareae
274 1959 456 2007 monstrum:
479 1958 524 2006 tot
540 1968 607 2007 sese
623 1949 713 2006 vertit
729 1950 760 2006 in
776 1969 838 2022 ora,

93 2054 155 2101 tam
172 2062 282 2101 saevae
297 2042 402 2114 facies,
419 2051 464 2099 tot
480 2042 609 2117 pullulat
625 2052 690 2099 atra
706 2042 848 2100 colubris.

94 2157 184 2212 quam
202 2140 279 2194 luno
296 2135 343 2193 his
359 2135 440 2192 acuit
455 2134 564 2206 verbis,
582 2154 618 2192 ac
633 2135 706 2192 talia
721 2136 814 2192 fatur:
1041 2150 1082 2202 330

94 2231 174 2287 hunc
190 2229 263 2286 mihi
280 2230 319 2286 da
334 2228 497 2303 proprium,
514 2227 599 2303 virgo
615 2238 682 2303 sata
699 2231 807 2300 Nocte,
824 2229 971 2302 laborem,
1118 2222 1120 2227 ’

93 2324 173 2381 hanc
189 2341 321 2398 operam,
339 2341 377 2379 ne
393 2331 497 2379 noster
512 2321 611 2378 honos
627 2320 795 2378 infractave
799 2322 902 2403 ,cedat

92 2417 175 2472 fama
190 2416 267 2485 loco,
284 2434 343 2471 neu
360 2413 499 2472 conubiis
515 2413 629 2471 ambire
647 2414 790 2471 Latinum

94 2509 260 2566 Aeneadae
276 2506 405 2583 possint,
423 2506 557 2564 Italosve
573 2506 715 2564 obsidere
730 2506 808 2565 finis

93 2611 126 2658 tu
141 2611 229 2676 potes
245 2601 406 2657 unanimos
424 2618 539 2656 armare
555 2598 586 2655 in
602 2599 717 2674 proelia
732 2600 841 2657 iratres

94 2705 185 2769 atque
202 2693 280 2752 odiis
296 2712 417 2751 versare
434 2693 551 2763 domos
568 2701 601 2749 tu
616 2692 743 2750 verbera
759 2693 848 2750 tectis

92 2788 296 2861 funereasque
312 2785 421 2843 inferre
436 2786 530 2857 laceS,
547 2784 602 2842 tibi
618 2785 743 2842 nomina
757 2785 848 2857 mille,

93 2880 174 2938 mille
190 2879 321 2937 nocendi
337 2890 426 2936 artes.
472 2878 650 2936 Fecundum
666 2887 795 2935 concute
810 2887 927 2954 pectus,

137 3077 184 3127 313
203 3062 321 3125 dabitur,
339 3062 467 3108 licebit-
473 3073 518 3123 317
539 3062 643 3124 coeant,
661 3061 898 3121 coniungantur.-
907 3075 955 3124 320
975 3061 1086 3129 iugalis,

92 3141 236 3201 coniugalis.
245 3167 278 3173 —
285 3152 332 3201 323
350 3138 491 3200 horrenda,
504 3144 583 3183 torva.
592 3165 625 3171 -
633 3136 681 3200 326
697 3136 779 3200 cordi,
793 3138 922 3198 voluptati.
929 3165 963 3173 —
971 3139 1019 3203 328
1032 3153 1088 3206 ort,

92 3217 178 3262 voltus.
186 3243 219 3250 -
227 3229 275 3278 329
285 3213 379 3277 faciest,
384 3214 495 3276 foratae.
505 3241 538 3247 -
546 3226 591 3275 331
604 3215 675 3277 sata,
680 3212 750 3274 filia.
758 3240 792 3248 —
800 3226 847 3276 333
857 3213 970 3279 ambire,
980 3216 1090 3264 circum·

86 3293 177 3338 mm
187 3290 277 3356 -338
287 3291 409 3356 concute,
422 3295 516 3339 excute.
651 3279 653 3284 ¹
