<?xml version="1.0" encoding="UTF-8"?>
<!DOCTYPE html PUBLIC "-//W3C//DTD XHTML 1.0 Transitional//EN"
    "http://www.w3.org/TR/xhtml1/DTD/xhtml1-transitional.dtd">
<html xmlns="http://www.w3.org/1999/xhtml" xml:lang="en" lang="en">
 <head>
  <title>
</title>
<meta http-equiv="Content-Type" content="text/html;charset=utf-8" />
  <meta name='ocr-system' content='tesseract 3.04.00' />
  <meta name='ocr-capabilities' content='ocr_page ocr_carea ocr_par ocr_line ocrx_word'/>
</head>
<body>
  <div class='ocr_page' id='page_1' title='image "./seventhbookverg00virggoog_0081.png"; bbox 0 0 2272 3616; ppageno 0'>
   <div class='ocr_carea' id='block_1_1' title="bbox 68 135 969 2814">
    <p class='ocr_par' dir='ltr' id='par_1_1' title="bbox 69 135 913 487">
     <span class='ocr_line' id='line_1_1' title="bbox 70 135 861 213; baseline -0.004 -18"><span class='ocrx_word' id='word_1_1' title='bbox 70 137 191 209; x_wconf 91' lang='lat' dir='ltr'>Nursia,</span> <span class='ocrx_word' id='word_1_2' title='bbox 208 146 239 195; x_wconf 95' lang='lat' dir='ltr'>et</span> <span class='ocrx_word' id='word_1_3' title='bbox 256 136 407 194; x_wconf 80' lang='lat' dir='ltr'>Hortinae</span> <span class='ocrx_word' id='word_1_4' title='bbox 424 136 539 195; x_wconf 85' lang='lat' dir='ltr'>classes</span> <span class='ocrx_word' id='word_1_5' title='bbox 553 135 721 213; x_wconf 91' lang='lat' dir='ltr'>populique</span> <span class='ocrx_word' id='word_1_6' title='bbox 737 135 840 194; x_wconf 93' lang='lat' dir='ltr'>Latini</span> <span class='ocrx_word' id='word_1_7' title='bbox 854 159 861 208; x_wconf 80' lang='lat'><em>3</em></span> 
     </span>
     <span class='ocr_line' id='line_1_2' title="bbox 70 228 913 306; baseline -0.004 -18"><span class='ocrx_word' id='word_1_8' title='bbox 70 249 208 306; x_wconf 93' lang='lat' dir='ltr'>quosque</span> <span class='ocrx_word' id='word_1_9' title='bbox 224 249 335 288; x_wconf 89' lang='lat' dir='ltr'>secans</span> <span class='ocrx_word' id='word_1_10' title='bbox 351 229 518 287; x_wconf 84' lang='lat' dir='ltr'>infaustum</span> <span class='ocrx_word' id='word_1_11' title='bbox 533 228 668 288; x_wconf 86' lang='lat' dir='ltr'>interluit</span> <span class='ocrx_word' id='word_1_12' title='bbox 683 229 765 286; x_wconf 93' lang='lat' dir='ltr'>Allia</span> <span class='ocrx_word' id='word_1_13' title='bbox 779 247 892 286; x_wconf 91' lang='lat' dir='ltr'>nomen</span> <span class='ocrx_word' id='word_1_14' title='bbox 907 250 913 286; x_wconf 74' lang='grc' dir='ltr'><strong>ι</strong></span> 
     </span>
     <span class='ocr_line' id='line_1_3' title="bbox 69 321 871 400; baseline -0.002 -19"><span class='ocrx_word' id='word_1_15' title='bbox 69 343 161 399; x_wconf 90' lang='lat' dir='ltr'>quam</span> <span class='ocrx_word' id='word_1_16' title='bbox 176 322 263 380; x_wconf 91' lang='lat' dir='ltr'>multi</span> <span class='ocrx_word' id='word_1_17' title='bbox 279 322 396 400; x_wconf 88' lang='lat' dir='ltr'>Libyco</span> <span class='ocrx_word' id='word_1_18' title='bbox 410 323 574 380; x_wconf 91' lang='lat' dir='ltr'>volvuntur</span> <span class='ocrx_word' id='word_1_19' title='bbox 588 340 736 380; x_wconf 92' lang='lat' dir='ltr'>marmore</span> <span class='ocrx_word' id='word_1_20' title='bbox 752 321 871 394; x_wconf 87' lang='lat' dir='ltr'>fluctus,</span> 
     </span>
     <span class='ocr_line' id='line_1_4' title="bbox 69 415 795 487; baseline -0.001 -13"><span class='ocrx_word' id='word_1_21' title='bbox 69 435 179 474; x_wconf 90' lang='lat' dir='ltr'>saevus</span> <span class='ocrx_word' id='word_1_22' title='bbox 195 415 247 474; x_wconf 93' lang='lat' dir='ltr'>ubi</span> <span class='ocrx_word' id='word_1_23' title='bbox 264 415 359 474; x_wconf 92' lang='lat' dir='ltr'>Orion</span> <span class='ocrx_word' id='word_1_24' title='bbox 374 415 511 473; x_wconf 92' lang='lat' dir='ltr'>hibernis</span> <span class='ocrx_word' id='word_1_25' title='bbox 527 415 669 473; x_wconf 90' lang='lat' dir='ltr'>conditur</span> <span class='ocrx_word' id='word_1_26' title='bbox 683 415 774 473; x_wconf 91' lang='lat' dir='ltr'>undis</span> <span class='ocrx_word' id='word_1_27' title='bbox 789 438 795 487; x_wconf 81' lang='lat'>3</span> 
     </span>
    </p>

    <p class='ocr_par' dir='ltr' id='par_1_2' title="bbox 68 507 811 580">
     <span class='ocr_line' id='line_1_5' title="bbox 68 507 811 580; baseline -0.001 -14"><span class='ocrx_word' id='word_1_28' title='bbox 68 508 117 567; x_wconf 94' lang='lat' dir='ltr'>vel</span> <span class='ocrx_word' id='word_1_29' title='bbox 133 528 201 566; x_wconf 93' lang='lat' dir='ltr'>cum</span> <span class='ocrx_word' id='word_1_30' title='bbox 217 509 281 567; x_wconf 94' lang='lat' dir='ltr'>sole</span> <span class='ocrx_word' id='word_1_31' title='bbox 297 527 377 566; x_wconf 92' lang='lat' dir='ltr'>novo</span> <span class='ocrx_word' id='word_1_32' title='bbox 394 508 508 566; x_wconf 85' lang='lat' dir='ltr'>densae</span> <span class='ocrx_word' id='word_1_33' title='bbox 523 517 677 566; x_wconf 87' lang='lat' dir='ltr'>torrentur</span> <span class='ocrx_word' id='word_1_34' title='bbox 691 507 811 580; x_wconf 89' lang='lat' dir='ltr'>aristae,</span> 
     </span>
    </p>

    <p class='ocr_par' dir='ltr' id='par_1_3' title="bbox 68 601 884 770">
     <span class='ocr_line' id='line_1_6' title="bbox 68 601 881 679; baseline 0.001 -20"><span class='ocrx_word' id='word_1_35' title='bbox 68 611 121 660; x_wconf 87' lang='lat' dir='ltr'>aut</span> <span class='ocrx_word' id='word_1_36' title='bbox 137 601 246 660; x_wconf 87' lang='lat' dir='ltr'>Hermi</span> <span class='ocrx_word' id='word_1_37' title='bbox 262 620 378 676; x_wconf 90' lang='lat' dir='ltr'>campo,</span> <span class='ocrx_word' id='word_1_38' title='bbox 396 610 448 659; x_wconf 92' lang='lat' dir='ltr'>aut</span> <span class='ocrx_word' id='word_1_39' title='bbox 464 601 576 679; x_wconf 85' lang='lat' dir='ltr'>Lyciae</span> <span class='ocrx_word' id='word_1_40' title='bbox 591 601 776 659; x_wconf 90' lang='lat' dir='ltr'>flaventibus</span> <span class='ocrx_word' id='word_1_41' title='bbox 792 601 881 660; x_wconf 79' lang='lat' dir='ltr'>arvis</span> 
     </span>
     <span class='ocr_line' id='line_1_7' title="bbox 69 694 884 770; baseline 0.001 -17"><span class='ocrx_word' id='word_1_42' title='bbox 69 704 156 753; x_wconf 92' lang='lat' dir='ltr'>scuta</span> <span class='ocrx_word' id='word_1_43' title='bbox 171 703 291 766; x_wconf 89' lang='lat' dir='ltr'>sonant,</span> <span class='ocrx_word' id='word_1_44' title='bbox 308 695 460 770; x_wconf 93' lang='lat' dir='ltr'>pulsuque</span> <span class='ocrx_word' id='word_1_45' title='bbox 475 695 589 770; x_wconf 92' lang='lat' dir='ltr'>pedum</span> <span class='ocrx_word' id='word_1_46' title='bbox 605 694 769 752; x_wconf 91' lang='lat' dir='ltr'>conterrita</span> <span class='ocrx_word' id='word_1_47' title='bbox 784 695 884 754; x_wconf 77' lang='lat' dir='ltr'>tellus</span> 
     </span>
    </p>

    <p class='ocr_par' dir='ltr' id='par_1_4' title="bbox 68 786 918 1699">
     <span class='ocr_line' id='line_1_8' title="bbox 112 786 896 863; baseline 0 -19"><span class='ocrx_word' id='word_1_48' title='bbox 112 788 196 848; x_wconf 91' lang='lat' dir='ltr'>Hinc</span> <span class='ocrx_word' id='word_1_49' title='bbox 211 786 482 863; x_wconf 87' lang='lat' dir='ltr'>Agamemnonius,</span> <span class='ocrx_word' id='word_1_50' title='bbox 499 787 625 845; x_wconf 87' lang='lat' dir='ltr'>Troiani</span> <span class='ocrx_word' id='word_1_51' title='bbox 641 786 772 845; x_wconf 92' lang='lat' dir='ltr'>nominis</span> <span class='ocrx_word' id='word_1_52' title='bbox 788 786 896 860; x_wconf 90' lang='lat' dir='ltr'>hostis,</span> 
     </span>
     <span class='ocr_line' id='line_1_9' title="bbox 69 879 873 956; baseline -0.004 -16"><span class='ocrx_word' id='word_1_53' title='bbox 69 900 157 940; x_wconf 91' lang='lat' dir='ltr'>curru</span> <span class='ocrx_word' id='word_1_54' title='bbox 172 879 269 956; x_wconf 86' lang='lat' dir='ltr'>iungit</span> <span class='ocrx_word' id='word_1_55' title='bbox 286 880 441 938; x_wconf 80' lang='lat' dir='ltr'>Halaesus</span> <span class='ocrx_word' id='word_1_56' title='bbox 457 899 563 956; x_wconf 91' lang='lat' dir='ltr'>equos,</span> <span class='ocrx_word' id='word_1_57' title='bbox 580 880 746 955; x_wconf 90' lang='lat' dir='ltr'>Turnoque</span> <span class='ocrx_word' id='word_1_58' title='bbox 760 879 873 937; x_wconf 78' lang='lat' dir='ltr'>ferocis</span> 
     </span>
     <span class='ocr_line' id='line_1_10' title="bbox 68 973 790 1049; baseline 0 -18"><span class='ocrx_word' id='word_1_59' title='bbox 68 973 150 1032; x_wconf 93' lang='lat' dir='ltr'>mille</span> <span class='ocrx_word' id='word_1_60' title='bbox 165 973 244 1049; x_wconf 91' lang='lat' dir='ltr'>rapit</span> <span class='ocrx_word' id='word_1_61' title='bbox 259 973 398 1049; x_wconf 64' lang='lat' dir='ltr'>populos</span> <span class='ocrx_word' id='word_1_62' title='bbox 415 981 536 1031; x_wconf 92' lang='lat' dir='ltr'>vertunt</span> <span class='ocrx_word' id='word_1_63' title='bbox 550 973 652 1030; x_wconf 82' lang='lat' dir='ltr'>felicia</span> <span class='ocrx_word' id='word_1_64' title='bbox 669 974 790 1031; x_wconf 92' lang='lat' dir='ltr'>Baccho</span> 
     </span>
     <span class='ocr_line' id='line_1_11' title="bbox 70 1065 830 1142; baseline -0.001 -17"><span class='ocrx_word' id='word_1_65' title='bbox 70 1066 206 1125; x_wconf 91' lang='lat' dir='ltr'>Massica</span> <span class='ocrx_word' id='word_1_66' title='bbox 222 1066 274 1142; x_wconf 92' lang='lat' dir='ltr'>qui</span> <span class='ocrx_word' id='word_1_67' title='bbox 289 1066 403 1138; x_wconf 91' lang='lat' dir='ltr'>rastris,</span> <span class='ocrx_word' id='word_1_68' title='bbox 420 1074 451 1123; x_wconf 93' lang='lat' dir='ltr'>et</span> <span class='ocrx_word' id='word_1_69' title='bbox 466 1085 544 1141; x_wconf 94' lang='lat' dir='ltr'>quos</span> <span class='ocrx_word' id='word_1_70' title='bbox 560 1066 598 1124; x_wconf 92' lang='lat' dir='ltr'>de</span> <span class='ocrx_word' id='word_1_71' title='bbox 615 1065 745 1124; x_wconf 92' lang='lat' dir='ltr'>collibus</span> <span class='ocrx_word' id='word_1_72' title='bbox 760 1065 830 1124; x_wconf 92' lang='lat' dir='ltr'>altis</span> 
     </span>
     <span class='ocr_line' id='line_1_12' title="bbox 69 1157 763 1235; baseline -0.001 -18"><span class='ocrx_word' id='word_1_73' title='bbox 69 1159 206 1217; x_wconf 85' lang='lat' dir='ltr'>Aurunci</span> <span class='ocrx_word' id='word_1_74' title='bbox 221 1159 330 1217; x_wconf 87' lang='lat' dir='ltr'>misere</span> <span class='ocrx_word' id='word_1_75' title='bbox 346 1168 448 1235; x_wconf 91' lang='lat' dir='ltr'>patres</span> <span class='ocrx_word' id='word_1_76' title='bbox 466 1158 663 1234; x_wconf 91' lang='lat' dir='ltr'>Sidicinaque</span> <span class='ocrx_word' id='word_1_77' title='bbox 679 1157 763 1217; x_wconf 86' lang='lat' dir='ltr'>iuxta</span> 
     </span>
     <span class='ocr_line' id='line_1_13' title="bbox 69 1251 918 1328; baseline -0.002 -18"><span class='ocrx_word' id='word_1_78' title='bbox 69 1271 211 1328; x_wconf 89' lang='lat' dir='ltr'>aequora,</span> <span class='ocrx_word' id='word_1_79' title='bbox 229 1251 342 1328; x_wconf 90' lang='lat' dir='ltr'>quique</span> <span class='ocrx_word' id='word_1_80' title='bbox 360 1251 451 1310; x_wconf 91' lang='lat' dir='ltr'>Cales</span> <span class='ocrx_word' id='word_1_81' title='bbox 466 1251 617 1327; x_wconf 90' lang='lat' dir='ltr'>linquunt,</span> <span class='ocrx_word' id='word_1_82' title='bbox 635 1251 794 1328; x_wconf 92' lang='lat' dir='ltr'>amnisque</span> <span class='ocrx_word' id='word_1_83' title='bbox 809 1251 918 1310; x_wconf 89' lang='lat' dir='ltr'>vadosi</span> 
     </span>
     <span class='ocr_line' id='line_1_14' title="bbox 69 1343 808 1420; baseline -0.001 -17"><span class='ocrx_word' id='word_1_84' title='bbox 69 1346 175 1403; x_wconf 91' lang='lat' dir='ltr'>accola</span> <span class='ocrx_word' id='word_1_85' title='bbox 190 1343 341 1416; x_wconf 89' lang='lat' dir='ltr'>Volturni,</span> <span class='ocrx_word' id='word_1_86' title='bbox 358 1343 532 1420; x_wconf 87' lang='lat' dir='ltr'>pariterque</span> <span class='ocrx_word' id='word_1_87' title='bbox 549 1344 701 1403; x_wconf 90' lang='lat' dir='ltr'>Saticulus</span> <span class='ocrx_word' id='word_1_88' title='bbox 717 1364 808 1420; x_wconf 90' lang='lat' dir='ltr'>asper</span> 
     </span>
     <span class='ocr_line' id='line_1_15' title="bbox 69 1438 891 1517; baseline 0 -21"><span class='ocrx_word' id='word_1_89' title='bbox 69 1438 281 1513; x_wconf 90' lang='lat' dir='ltr'>Oscorumque</span> <span class='ocrx_word' id='word_1_90' title='bbox 297 1456 414 1496; x_wconf 90' lang='lat' dir='ltr'>manus.</span> <span class='ocrx_word' id='word_1_91' title='bbox 459 1439 587 1496; x_wconf 91' lang='lat' dir='ltr'>Teretes</span> <span class='ocrx_word' id='word_1_92' title='bbox 603 1447 675 1495; x_wconf 92' lang='lat' dir='ltr'>sunt</span> <span class='ocrx_word' id='word_1_93' title='bbox 690 1438 814 1517; x_wconf 81' lang='lat' dir='ltr'>aclydes</span> <span class='ocrx_word' id='word_1_94' title='bbox 830 1438 891 1496; x_wconf 92' lang='lat' dir='ltr'>illis</span> 
     </span>
     <span class='ocr_line' id='line_1_16' title="bbox 69 1530 830 1607; baseline 0 -18"><span class='ocrx_word' id='word_1_95' title='bbox 69 1531 130 1589; x_wconf 96' lang='lat' dir='ltr'>tela</span> <span class='ocrx_word' id='word_1_96' title='bbox 144 1554 150 1603; x_wconf 93' lang='lat'>;</span> <span class='ocrx_word' id='word_1_97' title='bbox 175 1531 230 1589; x_wconf 94' lang='lat' dir='ltr'>sed</span> <span class='ocrx_word' id='word_1_98' title='bbox 244 1531 321 1588; x_wconf 92' lang='lat' dir='ltr'>haec</span> <span class='ocrx_word' id='word_1_99' title='bbox 336 1530 419 1588; x_wconf 91' lang='lat' dir='ltr'>lento</span> <span class='ocrx_word' id='word_1_100' title='bbox 435 1550 501 1589; x_wconf 90' lang='lat' dir='ltr'>mos</span> <span class='ocrx_word' id='word_1_101' title='bbox 516 1539 564 1588; x_wconf 90' lang='lat' dir='ltr'>est</span> <span class='ocrx_word' id='word_1_102' title='bbox 580 1540 684 1606; x_wconf 91' lang='lat' dir='ltr'>aptare</span> <span class='ocrx_word' id='word_1_103' title='bbox 700 1531 830 1607; x_wconf 87' lang='lat' dir='ltr'>flagello.</span> 
     </span>
     <span class='ocr_line' id='line_1_17' title="bbox 69 1623 829 1699; baseline 0.001 -18"><span class='ocrx_word' id='word_1_104' title='bbox 69 1623 172 1682; x_wconf 91' lang='lat' dir='ltr'>laevas</span> <span class='ocrx_word' id='word_1_105' title='bbox 188 1632 290 1681; x_wconf 89' lang='lat' dir='ltr'>caetra</span> <span class='ocrx_word' id='word_1_106' title='bbox 305 1623 379 1699; x_wconf 85' lang='lat' dir='ltr'>tegit</span> <span class='ocrx_word' id='word_1_107' title='bbox 393 1647 400 1695; x_wconf 70' lang='grc' dir='ltr'><strong><em>ς</em></strong></span> <span class='ocrx_word' id='word_1_108' title='bbox 423 1623 528 1681; x_wconf 85' lang='lat' dir='ltr'>falcati</span> <span class='ocrx_word' id='word_1_109' title='bbox 543 1623 713 1682; x_wconf 90' lang='lat' dir='ltr'>comminus</span> <span class='ocrx_word' id='word_1_110' title='bbox 729 1642 829 1683; x_wconf 89' lang='lat' dir='ltr'>enses.</span> 
     </span>
    </p>

    <p class='ocr_par' dir='ltr' id='par_1_5' title="bbox 69 1715 969 2722">
     <span class='ocr_line' id='line_1_18' title="bbox 112 1715 831 1789; baseline 0.001 -15"><span class='ocrx_word' id='word_1_111' title='bbox 112 1719 179 1774; x_wconf 92' lang='lat' dir='ltr'>Nec</span> <span class='ocrx_word' id='word_1_112' title='bbox 193 1725 226 1774; x_wconf 93' lang='lat' dir='ltr'>tu</span> <span class='ocrx_word' id='word_1_113' title='bbox 242 1716 428 1774; x_wconf 90' lang='lat' dir='ltr'>carminibus</span> <span class='ocrx_word' id='word_1_114' title='bbox 444 1715 557 1774; x_wconf 89' lang='lat' dir='ltr'>nostris</span> <span class='ocrx_word' id='word_1_115' title='bbox 572 1715 706 1775; x_wconf 91' lang='lat' dir='ltr'>indictus</span> <span class='ocrx_word' id='word_1_116' title='bbox 722 1716 831 1789; x_wconf 87' lang='lat' dir='ltr'>abibis,</span> 
     </span>
     <span class='ocr_line' id='line_1_19' title="bbox 71 1808 932 1887; baseline -0.002 -19"><span class='ocrx_word' id='word_1_117' title='bbox 71 1809 196 1882; x_wconf 90' lang='lat' dir='ltr'>Oebale,</span> <span class='ocrx_word' id='word_1_118' title='bbox 214 1829 305 1885; x_wconf 88' lang='lat' dir='ltr'>quem</span> <span class='ocrx_word' id='word_1_119' title='bbox 319 1828 484 1885; x_wconf 85' lang='lat' dir='ltr'>generasse</span> <span class='ocrx_word' id='word_1_120' title='bbox 499 1809 598 1867; x_wconf 90' lang='lat' dir='ltr'>Telon</span> <span class='ocrx_word' id='word_1_121' title='bbox 615 1809 781 1867; x_wconf 86' lang='lat' dir='ltr'>Sebethide</span> <span class='ocrx_word' id='word_1_122' title='bbox 797 1808 932 1887; x_wconf 88' lang='lat' dir='ltr'>nympha</span> 
     </span>
     <span class='ocr_line' id='line_1_20' title="bbox 69 1902 847 1979; baseline 0.001 -20"><span class='ocrx_word' id='word_1_123' title='bbox 69 1903 173 1974; x_wconf 85' lang='lat' dir='ltr'>fertur,</span> <span class='ocrx_word' id='word_1_124' title='bbox 190 1902 359 1960; x_wconf 93' lang='lat' dir='ltr'>Teleboum</span> <span class='ocrx_word' id='word_1_125' title='bbox 376 1904 511 1978; x_wconf 91' lang='lat' dir='ltr'>Capreas</span> <span class='ocrx_word' id='word_1_126' title='bbox 527 1921 597 1960; x_wconf 92' lang='lat' dir='ltr'>cum</span> <span class='ocrx_word' id='word_1_127' title='bbox 612 1921 706 1979; x_wconf 88' lang='lat' dir='ltr'>regna</span> <span class='ocrx_word' id='word_1_128' title='bbox 720 1911 847 1975; x_wconf 90' lang='lat' dir='ltr'>teneret,</span> 
     </span>
     <span class='ocr_line' id='line_1_21' title="bbox 70 1993 784 2070; baseline 0.004 -19"><span class='ocrx_word' id='word_1_129' title='bbox 70 1993 131 2052; x_wconf 94' lang='lat' dir='ltr'>iam</span> <span class='ocrx_word' id='word_1_130' title='bbox 147 1995 249 2053; x_wconf 91' lang='lat' dir='ltr'>senior</span> <span class='ocrx_word' id='word_1_131' title='bbox 263 2019 270 2067; x_wconf 70' lang='grc' dir='ltr'><strong><em>ς</em></strong></span> <span class='ocrx_word' id='word_1_132' title='bbox 293 1994 399 2070; x_wconf 90' lang='lat' dir='ltr'>patriis</span> <span class='ocrx_word' id='word_1_133' title='bbox 414 1995 470 2053; x_wconf 91' lang='lat' dir='ltr'>sed</span> <span class='ocrx_word' id='word_1_134' title='bbox 485 2014 547 2053; x_wconf 92' lang='lat' dir='ltr'>non</span> <span class='ocrx_word' id='word_1_135' title='bbox 563 2004 593 2054; x_wconf 93' lang='lat' dir='ltr'>et</span> <span class='ocrx_word' id='word_1_136' title='bbox 608 1995 688 2054; x_wconf 89' lang='lat' dir='ltr'>filius</span> <span class='ocrx_word' id='word_1_137' title='bbox 704 1995 784 2054; x_wconf 91' lang='lat' dir='ltr'>arvis</span> 
     </span>
     <span class='ocr_line' id='line_1_22' title="bbox 71 2087 774 2164; baseline 0.001 -19"><span class='ocrx_word' id='word_1_138' title='bbox 71 2097 234 2146; x_wconf 90' lang='lat' dir='ltr'>contentus</span> <span class='ocrx_word' id='word_1_139' title='bbox 249 2088 309 2146; x_wconf 91' lang='lat' dir='ltr'>late</span> <span class='ocrx_word' id='word_1_140' title='bbox 325 2087 385 2144; x_wconf 90' lang='lat' dir='ltr'>iam</span> <span class='ocrx_word' id='word_1_141' title='bbox 401 2097 465 2145; x_wconf 92' lang='lat' dir='ltr'>tum</span> <span class='ocrx_word' id='word_1_142' title='bbox 481 2088 601 2146; x_wconf 88' lang='lat' dir='ltr'>dicione</span> <span class='ocrx_word' id='word_1_143' title='bbox 616 2089 774 2164; x_wconf 90' lang='lat' dir='ltr'>premebat</span> 
     </span>
     <span class='ocr_line' id='line_1_23' title="bbox 73 2181 888 2258; baseline 0.004 -20"><span class='ocrx_word' id='word_1_144' title='bbox 73 2181 219 2239; x_wconf 91' lang='lat' dir='ltr'>Sarrastis</span> <span class='ocrx_word' id='word_1_145' title='bbox 234 2182 365 2257; x_wconf 91' lang='lat' dir='ltr'>populos</span> <span class='ocrx_word' id='word_1_146' title='bbox 382 2191 413 2239; x_wconf 90' lang='lat' dir='ltr'>et</span> <span class='ocrx_word' id='word_1_147' title='bbox 429 2200 506 2256; x_wconf 89' lang='lat' dir='ltr'>quae</span> <span class='ocrx_word' id='word_1_148' title='bbox 522 2181 599 2258; x_wconf 88' lang='lat' dir='ltr'>rigat</span> <span class='ocrx_word' id='word_1_149' title='bbox 615 2201 749 2257; x_wconf 91' lang='lat' dir='ltr'>aequora</span> <span class='ocrx_word' id='word_1_150' title='bbox 766 2183 888 2254; x_wconf 78' lang='lat' dir='ltr'>SamuS,</span> 
     </span>
     <span class='ocr_line' id='line_1_24' title="bbox 72 2272 969 2350; baseline 0.001 -19"><span class='ocrx_word' id='word_1_151' title='bbox 72 2272 185 2350; x_wconf 93' lang='lat' dir='ltr'>quique</span> <span class='ocrx_word' id='word_1_152' title='bbox 202 2274 315 2332; x_wconf 75' lang='lat' dir='ltr'>Rufras</span> <span class='ocrx_word' id='word_1_153' title='bbox 331 2274 533 2350; x_wconf 90' lang='lat' dir='ltr'>Batulumque</span> <span class='ocrx_word' id='word_1_154' title='bbox 549 2283 656 2332; x_wconf 88' lang='lat' dir='ltr'>tenent</span> <span class='ocrx_word' id='word_1_155' title='bbox 672 2285 764 2349; x_wconf 90' lang='lat' dir='ltr'>atque</span> <span class='ocrx_word' id='word_1_156' title='bbox 780 2294 852 2333; x_wconf 89' lang='lat' dir='ltr'>arva</span> <span class='ocrx_word' id='word_1_157' title='bbox 868 2276 969 2333; x_wconf 88' lang='lat' dir='ltr'>Celem</span> 
     </span>
     <span class='ocr_line' id='line_1_25' title="bbox 72 2367 854 2443; baseline 0.003 -20"><span class='ocrx_word' id='word_1_158' title='bbox 72 2375 102 2424; x_wconf 91' lang='lat' dir='ltr'>et</span> <span class='ocrx_word' id='word_1_159' title='bbox 118 2386 195 2443; x_wconf 94' lang='lat' dir='ltr'>quos</span> <span class='ocrx_word' id='word_1_160' title='bbox 212 2367 367 2424; x_wconf 79' lang='lat' dir='ltr'>maliferae</span> <span class='ocrx_word' id='word_1_161' title='bbox 384 2367 565 2443; x_wconf 88' lang='lat' dir='ltr'>despectant</span> <span class='ocrx_word' id='word_1_162' title='bbox 580 2367 702 2424; x_wconf 91' lang='lat' dir='ltr'>moenia</span> <span class='ocrx_word' id='word_1_163' title='bbox 718 2368 854 2440; x_wconf 88' lang='lat' dir='ltr'>Abellae,</span> 
     </span>
     <span class='ocr_line' id='line_1_26' title="bbox 72 2459 722 2535; baseline 0.002 -19"><span class='ocrx_word' id='word_1_164' title='bbox 72 2459 243 2517; x_wconf 92' lang='lat' dir='ltr'>Teutonico</span> <span class='ocrx_word' id='word_1_165' title='bbox 258 2460 317 2517; x_wconf 88' lang='lat' dir='ltr'>ritu</span> <span class='ocrx_word' id='word_1_166' title='bbox 332 2459 414 2517; x_wconf 90' lang='lat' dir='ltr'>soliti</span> <span class='ocrx_word' id='word_1_167' title='bbox 429 2469 570 2535; x_wconf 92' lang='lat' dir='ltr'>torquere</span> <span class='ocrx_word' id='word_1_168' title='bbox 586 2460 701 2518; x_wconf 90' lang='lat' dir='ltr'>cateias</span> <span class='ocrx_word' id='word_1_169' title='bbox 716 2484 722 2532; x_wconf 87' lang='lat'>;</span> 
     </span>
     <span class='ocr_line' id='line_1_27' title="bbox 71 2552 870 2629; baseline 0.001 -19"><span class='ocrx_word' id='word_1_170' title='bbox 71 2552 207 2629; x_wconf 88' lang='lat' dir='ltr'>tegmina</span> <span class='ocrx_word' id='word_1_171' title='bbox 223 2552 291 2629; x_wconf 92' lang='lat' dir='ltr'>quis</span> <span class='ocrx_word' id='word_1_172' title='bbox 307 2552 441 2628; x_wconf 90' lang='lat' dir='ltr'>capitum</span> <span class='ocrx_word' id='word_1_173' title='bbox 456 2563 560 2628; x_wconf 90' lang='lat' dir='ltr'>raptus</span> <span class='ocrx_word' id='word_1_174' title='bbox 577 2553 615 2610; x_wconf 90' lang='lat' dir='ltr'>de</span> <span class='ocrx_word' id='word_1_175' title='bbox 632 2554 741 2611; x_wconf 91' lang='lat' dir='ltr'>subere</span> <span class='ocrx_word' id='word_1_176' title='bbox 757 2566 870 2627; x_wconf 86' lang='lat' dir='ltr'>cortex,</span> 
     </span>
     <span class='ocr_line' id='line_1_28' title="bbox 72 2646 847 2722; baseline 0.005 -20"><span class='ocrx_word' id='word_1_177' title='bbox 72 2655 254 2722; x_wconf 90' lang='lat' dir='ltr'>aerataeque</span> <span class='ocrx_word' id='word_1_178' title='bbox 270 2646 384 2703; x_wconf 87' lang='lat' dir='ltr'>micant</span> <span class='ocrx_word' id='word_1_179' title='bbox 399 2646 508 2721; x_wconf 89' lang='lat' dir='ltr'>peltae,</span> <span class='ocrx_word' id='word_1_180' title='bbox 526 2646 617 2704; x_wconf 88' lang='lat' dir='ltr'>micat</span> <span class='ocrx_word' id='word_1_181' title='bbox 633 2666 740 2704; x_wconf 90' lang='lat' dir='ltr'>aereus</span> <span class='ocrx_word' id='word_1_182' title='bbox 756 2647 847 2706; x_wconf 81' lang='lat' dir='ltr'>ensis</span> 
     </span>
    </p>

    <p class='ocr_par' dir='ltr' id='par_1_6' title="bbox 114 2738 814 2814">
     <span class='ocr_line' id='line_1_29' title="bbox 114 2738 814 2814; baseline 0.001 -17"><span class='ocrx_word' id='word_1_183' title='bbox 114 2741 152 2798; x_wconf 87' lang='lat' dir='ltr'>Et</span> <span class='ocrx_word' id='word_1_184' title='bbox 166 2747 197 2796; x_wconf 90' lang='lat' dir='ltr'>te</span> <span class='ocrx_word' id='word_1_185' title='bbox 212 2748 371 2796; x_wconf 92' lang='lat' dir='ltr'>montosae</span> <span class='ocrx_word' id='word_1_186' title='bbox 387 2738 496 2796; x_wconf 90' lang='lat' dir='ltr'>misere</span> <span class='ocrx_word' id='word_1_187' title='bbox 512 2739 543 2796; x_wconf 94' lang='lat' dir='ltr'>in</span> <span class='ocrx_word' id='word_1_188' title='bbox 558 2739 673 2814; x_wconf 90' lang='lat' dir='ltr'>proelia</span> <span class='ocrx_word' id='word_1_189' title='bbox 689 2742 814 2813; x_wconf 88' lang='lat' dir='ltr'>Nersae,</span> 
     </span>
    </p>
   </div>
   <div class='ocr_carea' id='block_1_2' title="bbox 71 2905 970 3124">
    <p class='ocr_par' dir='ltr' id='par_1_7' title="bbox 71 2905 970 3124">
     <span class='ocr_line' id='line_1_30' title="bbox 114 2905 970 2970; baseline 0.001 -16"><span class='ocrx_word' id='word_1_190' title='bbox 114 2919 159 2967; x_wconf 87' lang='lat'>721</span> <span class='ocrx_word' id='word_1_191' title='bbox 174 2906 287 2970; x_wconf 83' lang='lat' dir='ltr'>flavens,</span> <span class='ocrx_word' id='word_1_192' title='bbox 293 2906 475 2969; x_wconf 64' lang='lat' dir='ltr'>fulvus—72</span> <span class='ocrx_word' id='word_1_193' title='bbox 480 2918 492 2970; x_wconf 85' lang='lat'><strong>5</strong></span> <span class='ocrx_word' id='word_1_194' title='bbox 509 2905 593 2969; x_wconf 89' lang='lat' dir='ltr'>rapit,</span> <span class='ocrx_word' id='word_1_195' title='bbox 607 2908 700 2967; x_wconf 72' lang='lat' dir='ltr'>raptim</span> <span class='ocrx_word' id='word_1_196' title='bbox 713 2907 822 2954; x_wconf 80' lang='lat' dir='ltr'>adducit.</span> <span class='ocrx_word' id='word_1_197' title='bbox 831 2906 919 2966; x_wconf 81' lang='lat'><em>—728</em></span> <span class='ocrx_word' id='word_1_198' title='bbox 938 2920 970 2956; x_wconf 87' lang='lat' dir='ltr'>ae</span> 
     </span>
     <span class='ocr_line' id='line_1_31' title="bbox 71 2982 970 3046; baseline 0.001 -15"><span class='ocrx_word' id='word_1_199' title='bbox 71 2985 257 3046; x_wconf 65' lang='lat' dir='ltr'>campa-729</span> <span class='ocrx_word' id='word_1_200' title='bbox 286 2995 375 3046; x_wconf 80' lang='lat' dir='ltr'>asper,</span> <span class='ocrx_word' id='word_1_201' title='bbox 400 2995 588 3045; x_wconf 65' lang='lat' dir='ltr'>saevus—731</span> <span class='ocrx_word' id='word_1_202' title='bbox 615 2983 732 3046; x_wconf 81' lang='lat' dir='ltr'>flagello,</span> <span class='ocrx_word' id='word_1_203' title='bbox 756 2982 914 3046; x_wconf 71' lang='lat' dir='ltr'>lora-738</span> <span class='ocrx_word' id='word_1_204' title='bbox 939 2996 970 3032; x_wconf 81' lang='lat' dir='ltr'>ae</span> 
     </span>
     <span class='ocr_line' id='line_1_32' title="bbox 72 3058 807 3124; baseline -0.003 -17"><span class='ocrx_word' id='word_1_205' title='bbox 72 3068 271 3124; x_wconf 73' lang='lat' dir='ltr'>campos—741</span> <span class='ocrx_word' id='word_1_206' title='bbox 286 3058 352 3123; x_wconf 83' lang='lat' dir='ltr'>ritu,</span> <span class='ocrx_word' id='word_1_207' title='bbox 366 3072 534 3120; x_wconf 74' lang='lat' dir='ltr'>mora—742</span> <span class='ocrx_word' id='word_1_208' title='bbox 552 3061 657 3124; x_wconf 83' lang='lat' dir='ltr'>raptus,</span> <span class='ocrx_word' id='word_1_209' title='bbox 670 3061 807 3106; x_wconf 81' lang='lat' dir='ltr'>destrictus.</span> 
     </span>
    </p>
   </div>
   <div class='ocr_carea' id='block_1_3' title="bbox 0 0 1141 3616">
    <p class='ocr_par' dir='ltr' id='par_1_8' title="bbox 0 0 1141 3616">
     <span class='ocr_line' id='line_1_33' title="bbox 0 0 1141 3616; baseline 0 0"><span class='ocrx_word' id='word_1_210' title='bbox 0 0 1141 3616; x_wconf 95' lang='lat' dir='ltr'> </span> 
     </span>
    </p>
   </div>
  </div>
 </body>
</html>
