2256 3608
388 475 418 525 P.
437 475 591 523 VERGILI
616 474 786 523 MARONIS

284 653 881 736 AENEIDOS

374 860 517 922 LIBER
551 859 799 925 SEPTIMUS.

511 1033 659 1049 -φ-

90 1133 140 1194 Tu
156 1153 278 1212 quoque
293 1133 570 1210 litoribusmostriS,
587 1137 706 1196 Aeneia
721 1136 831 1210 nutrix,

89 1234 245 1286 aeternam
260 1228 392 1289 moriens
407 1230 530 1303 tamam,
541 1226 664 1303 Caieta,
681 1230 807 1302 dedisti3

88 1328 119 1378 et
134 1339 217 1379 nunc
231 1331 332 1380 servat
347 1321 568 1389 honossedem
583 1333 662 1413 tuus,
679 1342 812 1399 ossaque
827 1341 940 1382 nomen

90 1413 244 1490 Hesperia
258 1413 290 1473 in
305 1415 468 1496 magnamsi
483 1434 544 1492 qua
559 1426 607 1475 est
622 1435 658 1474 ea
672 1415 777 1493 gloria,
794 1416 903 1493 signat.

88 1513 121 1564 at
134 1505 203 1583 pius
219 1507 512 1584 exsequiisAeneas
527 1507 584 1568 rite
599 1509 717 1582 solutis,

88 1617 199 1676 aggere
214 1600 385 1677 composito
400 1602 697 1678 tumuli,„p0stquam
713 1601 774 1659 alta
790 1601 933 1678 quierunt

88 1709 230 1768 aequora,
247 1693 347 1781 tendit
361 1693 418 1753 iter
433 1695 518 1767 velis,
534 1704 717 1770 portumque
732 1694 886 1771 relinquit.

88 1784 247 1861 adspirant
261 1805 353 1845 aurae
369 1786 401 1869 in
415 1796 546 1860 noctem,
563 1806 621 1846 nec
635 1787 768 1846 candida
784 1806 890 1846 cursus

88 1879 176 1936 Luna
191 1888 292 1956 negat,
309 1879 595 1956 splendettremulo
610 1881 667 1939 sub
683 1879 796 1938 lumine
811 1888 936 1956 pontus

87 1970 225 2047 proxima
241 1972 386 2032 Circaeae
402 1973 549 2031 raduntur
563 1973 652 2031 litora
667 1983 773 2046 terrae,

87 2063 178 2146 diues
189 2064 365 2148 inaccessos
380 2065 433 2124 ubi
450 2065 530 2124 Solis
545 2065 607 2124 filia
622 2065 707 2125 lucos

87 2156 217 2216 adsiduo
232 2143 357 2216 resonat
371 2167 472 2232 cantu,
485 2158 636 2235 tectisque
652 2159 791 2235 superbis

86 2249 146 2329 urit
161 2251 320 2310 odoratam
335 2260 485 2309 nocturna
500 2250 531 2309 in
546 2251 662 2310 lumina
677 2252 810 2324 cedrum,

5 2403 16 2410 .
40 2379 44 2388 ·
87 2351 194 2420 arguto
209 2343 310 2402 tenuis
325 2363 505 2421 percurrens
520 2344 643 2420 pectine
661 2344 748 2403 telas.

86 2434 159 2494 hinc
174 2435 310 2495 exaudiri
324 2435 456 2513 gemitus
471 2435 595 2513 iraeque
616 2437 747 2510 leonum,

86 2527 187 2586 vincla
201 2539 397 2589 recusantum
412 2539 443 2588 et
458 2549 527 2589 sera
542 2531 600 2589 sub
615 2540 706 2588 nocte
721 2531 893 2604 rudentum,

86 2621 290 2708 saetigerique
305 2641 376 2681 sues
392 2633 484 2699 atque
500 2623 530 2680 in
547 2623 767 2699 praesaepibus
782 2623 845 2682 ursi

87 2713 212 2788 saevire,
230 2733 266 2773 ac
280 2715 397 2774 formae
412 2734 589 2792 magnorum
606 2715 722 2773 ululare
738 2716 887 2792 luporum,

87 2825 164 2883 quos
180 2807 337 2866 hominum
353 2827 390 2866 ex
404 2807 484 2867 facie
500 2808 558 2866 dea
573 2826 666 2867 saeva
680 2807 859 2891 potentibus
874 2810 977 2869 herbis

87 2899 228 2959 induerat
244 2900 332 2960 Circe
348 2901 379 2959 in
394 2901 496 2960 voltus
512 2920 548 2959 ac
562 2910 648 2979 terga
662 2901 804 2960 ferarum.
1053 2919 1086 2954 ²0

131 3082 146 3132 3
175 3069 275 3134 sedem,
302 3069 470 3131 sepulchrum.
483 3082 557 3118 -10
585 3069 725 3135 raduntur,
751 3070 878 3132 leguntur,
908 3070 1085 3135 111.292.-

89 3157 116 3191 11
141 3145 300 3210 inaccessos,
323 3146 530 3208 periculosos.-
544 3158 572 3192 12
600 3144 722 3211 adsiduo,
743 3152 917 3208 perpetren—
931 3145 961 3196 16
989 3148 1086 3200 ruden-

67 3217 137 3279 tum,
151 3221 331 3282 firmam.
341 3250 377 3260 —
387 3235 418 3288 17
434 3221 645 3290 praesaepibus,
663 3222 855 3272 stabulm-20
869 3223 959 3289 turgt,
968 3230 1083 3286 corpora.
