2256 3608
71 240 114 317 48
393 254 566 299 aanmnos
598 256 663 302 Lm.
687 256 747 303 vu.

73 396 265 470 victoresque
282 402 417 452 ostentat
432 413 528 470 equos
545 404 629 481 satus
647 396 787 456 Hercule
803 399 934 474 pulchro

73 490 200 566 pulcher
216 487 396 560 Aventinus,
414 487 575 563 clipeoque
591 487 712 565 insigne
727 499 896 566 paternum

74 592 196 642 centum
212 580 321 657 anguis
337 580 531 655 cinctamque
545 579 623 656 gerit
638 583 839 657 serpentibus
857 585 990 662 Hydram;

74 676 161 735 collis
177 674 322 732 Aventini
339 673 415 731 silva
430 693 521 749 quem
537 673 627 732 Rhea
641 675 789 734 sacerdos

74 769 218 827 furtivum
233 776 322 843 partu
338 767 394 825 sub
411 767 532 826 luminis
549 767 647 828 edidit
661 788 740 841 oras,

75 863 168 920 mixta
184 862 243 918 deo
258 860 373 931 mulier,
390 871 554 936 postquam
571 862 736 920 Laurentia
752 863 851 922 victor

75 958 217 1032 Geryone
233 953 385 1011 exstincto
402 953 580 1031 Tirynthius
596 955 696 1031 attigit
712 974 793 1028 arva,

76 1049 294 1126 Tyrrhenoque
310 1047 406 1104 boves
422 1045 452 1102 in
468 1047 593 1105 flumine
609 1047 682 1106 lavit
699 1049 845 1108 Hiberas.

75 1142 137 1217 pila
152 1159 244 1197 manu
260 1158 431 1215 saevosque
446 1149 556 1215 gerunt
572 1140 602 1197 in
618 1141 700 1199 bella
716 1141 855 1224 dolones

76 1245 106 1292 et
121 1233 209 1292 tereti
225 1241 364 1309 pugnant
379 1252 523 1291 mucrone
539 1252 673 1309 veruque
691 1234 822 1295 Sabello.

76 1328 140 1404 ipse
156 1327 260 1402 pedes,
277 1335 420 1402 tegumen
437 1335 583 1401 torquens
599 1327 730 1385 immane
746 1326 854 1402 leonis,

75 1419 201 1479 terribili
217 1419 369 1495 impexum
386 1430 480 1491 saeta,
497 1438 565 1476 cum
582 1420 726 1479 dentibus
741 1419 820 1480 albis

78 1515 202 1571 indutus
218 1512 319 1587 capiti,
336 1512 380 1569 sic
395 1512 478 1588 regia
494 1521 575 1569 tecta
591 1513 721 1585 subibat,

77 1607 225 1678 horridus,
245 1605 461 1680 Herculeoque
480 1624 600 1663 umeros
616 1605 745 1665 innexus
761 1608 884 1667 amictu.

118 1703 197 1757 Turn
212 1697 325 1775 gemini
340 1698 449 1755 iratres
469 1698 608 1756 Tiburtia
623 1699 745 1757 moenia
760 1700 913 1775 linquunt,

76 1792 177 1850 fratris
194 1790 313 1848 Tiburti
329 1790 442 1848 dictam
459 1792 640 1866 cognomine
656 1802 788 1868 gentem,

78 1887 268 1959 Catillusque
286 1903 415 1958 acerque
434 1887 538 1955 Coras,
557 1885 669 1961 Argiva
686 1885 836 1958 iuventus,

77 1989 107 2037 et
122 1979 250 2055 primam
267 1988 337 2035 ante
355 1977 451 2034 aciem
468 1978 564 2034 densa
580 1977 658 2035 inter
673 1979 734 2036 tela
750 1980 891 2056 feruntur
908 2004 913 2014 ·

78 2093 133 2131 ceu
149 2074 210 2129 duo
227 2071 398 2147 nubigenae
415 2090 483 2127 cum
498 2071 611 2128 vertice
627 2073 739 2130 montis
756 2073 794 2130 ab
812 2074 877 2132 alto

78 2166 269 2223 descendunt
288 2163 441 2236 Centauri,
457 2164 612 2222 Homolen
630 2166 819 2243 Othrquue
836 2167 973 2228 nivalem

78 2261 252 2335 linquentes
270 2278 359 2315 cursu
375 2256 495 2332 rapld03
519 2258 571 2314 dat
587 2258 730 2316 euntibus
747 2259 855 2335 ingens

78 2354 154 2411 silva
170 2354 278 2422 locum,
297 2360 327 2408 et
342 2370 453 2426 magno
470 2351 583 2408 cedunt
599 2351 727 2427 virgulta
743 2352 874 2427 fragore.

121 2449 186 2504 Nec
204 2444 421 2502 Praenestinae
437 2443 582 2501 fundator
598 2443 694 2501 defuit
711 2445 801 2515 urbis,

79 2539 217 2597 Volcano
233 2539 368 2615 genitum
385 2557 496 2612 pecora
512 2537 590 2594 inter
606 2537 737 2613 agrestia
752 2556 854 2613 regem

78 2634 297 2708 inventumque
313 2631 390 2688 focis
407 2631 506 2688 omnis
523 2650 611 2706 quem
629 2630 758 2687 credidit
774 2640 869 2704 aetas

80 2726 239 2784 Caeculus.
288 2727 381 2781 Hunc
397 2724 476 2800 legio
493 2724 553 2781 late
569 2722 731 2781 comitatur
747 2724 886 2799 agrestiS,

79 2820 192 2895 quique
210 2820 303 2876 altum
322 2822 486 2875 Praeneste
502 2817 567 2889 viri,
585 2816 697 2892 quique
715 2836 786 2873 arva
803 2818 952 2881 Gabinae

80 2912 207 2970 Iunonis
225 2912 420 2988 gelidumque
436 2909 587 2968 Anienem
604 2921 633 2967 et
649 2909 770 2967 roscida
789 2909 860 2968 rivis

81 3005 217 3064 Hernica
235 3025 308 3063 saxa
324 3005 437 3076 colunt,
455 3024 532 3079 quos
549 3004 634 3062 dives
651 3003 793 3078 Anagnia
809 3004 923 3079 pascit,

79 3118 165 3175 quos,
185 3101 339 3156 Amasene
355 3107 450 3173 pater.
496 3100 567 3154 Non
584 3096 642 3153 illis
659 3096 799 3153 omnibus
817 3115 912 3171 arma,

121 3232 170 3298 656
184 3233 271 3298 satus,
278 3233 361 3295 filius.
370 3230 458 3279 -662
472 3230 582 3294 attigit,
595 3228 805 3285 advenit—(ibt
816 3229 944 3295 dolones„
955 3239 1020 3288 iacu⁴

73 3309 125 3361 666
140 3312 279 3379 legumen,
287 3309 494 3377 pellem—667
511 3308 670 3370 impexum,
684 3304 974 3362 hirsutam—saeta,
988 3315 1020 3353 «οἵ

54 3402 113 3455 352·
123 3390 217 3458 -669
231 3392 367 3461 innexus,
383 3397 475 3440 tectus.
