2256 3608
185 228 225 307 58
500 240 675 286 asnmnos
703 242 771 289 Lm.
799 244 864 291 vn.

223 384 293 443 Hos
308 400 401 460 super
415 380 541 441 advenit
554 380 671 441 Volsca
684 382 725 441 de
738 393 838 461 gente
854 386 994 460 Camilla,

179 496 290 556 agmen
305 495 401 553 agens
416 475 554 552 equitum
567 483 600 534 et
613 474 752 535 florentis
768 494 843 537 aere
858 490 1008 552 catervas,

179 570 328 643 bellatrix,
344 588 408 628 non
423 568 475 626 illa
489 566 559 627 colo
573 566 742 627 calathisve
759 569 926 634 Minervae
1098 570 1124 633 ⁸⁰⁵

179 664 330 723 femineas
345 663 475 722 adsueta
489 680 608 735 manus,
624 661 681 720 sed
695 662 814 739 proelia
829 665 919 745 virgo

179 760 256 817 dura
270 757 336 835 pati
351 774 503 832 cursuque
518 754 632 831 pedum
646 766 842 831 praevenere
857 772 977 820 ventos.

180 852 231 910 illa
245 851 294 912 vel
310 851 443 909 intactae
460 847 572 926 segetis
587 866 643 925 per
657 867 778 908 summa
792 851 915 913 volaret

179 944 325 1022 gramina,
341 962 400 1002 nec
414 953 536 1002 teneras
551 960 643 1001 cursu
656 942 801 1004 laesisset
814 945 929 1007 aristas
942 972 950 1021 ;

180 1036 227 1096 vel
242 1056 325 1095 mare
340 1055 395 1113 per
409 1036 544 1094 medium
558 1036 654 1095 fluctu
669 1056 822 1114 suspensa
836 1041 971 1100 tumenti
1096 1036 1123 1089 l*

179 1131 272 1189 terret
287 1131 352 1204 iter,
370 1129 477 1188 celeris
492 1149 550 1189 nec
564 1129 718 1207 tingueret
732 1150 868 1209 aequore
882 1135 1013 1211 plantas.

180 1222 263 1281 illam
278 1224 378 1283 omnis
393 1224 483 1283 tectis
499 1224 641 1302 agrisque
656 1225 755 1285 effusa
772 1225 918 1287 iuventus

180 1318 330 1394 turbaque
345 1318 471 1377 miratur
485 1328 616 1378 matrum
630 1329 662 1378 et
676 1329 854 1397 prospectat
869 1331 1003 1395 euntem,

181 1411 319 1470 attonitis
334 1411 456 1471 inhians
472 1412 589 1485 animis
606 1423 640 1472 ut
654 1412 755 1491 regius
770 1422 855 1473 ostro

179 1505 261 1563 velet
275 1505 375 1564 honos
390 1505 466 1564 levis
481 1525 611 1578 umeros,
629 1515 663 1566 ut
676 1506 771 1565 fibula
786 1505 904 1567 crinem
982 1526 987 1535 ·
1103 1498 1128 1549 θ’

181 1617 254 1656 auro
270 1596 462 1671 internectat,
480 1598 606 1677 Lyciam
621 1608 655 1658 ut
669 1608 756 1677 gerat
770 1599 838 1677 ipsa
851 1600 1030 1678 pharetram

181 1701 212 1750 et
225 1691 412 1768 pastoralem
426 1692 561 1767 praefixa
575 1691 704 1768 cuspide
719 1701 858 1771 myrtum.

221 1874 270 1934 804
294 1875 428 1940 catervas,
452 1875 653 1937 turmae-807
679 1878 859 1942 praevertere,
878 1882 1033 1940 praeterire,
1052 1845 1122 1942 stipor

179 1951 265 1999 -811
281 1952 402 2016 plantas,
416 1953 519 2015 vestigia
533 1952 685 2015 (689).—81
692 1965 704 2017 5
717 1953 799 2017 levis,
806 1955 941 2015 pulchros,
955 1958 1068 2006 nitentes.
