2256 3608
96 217 114 280 8
415 234 589 280 nannrnos
620 235 685 281 Lm.
709 235 768 281 vn.

95 373 202 450 ipsam,
220 374 275 433 sed
290 375 405 450 populo
420 394 564 451 magnum
579 375 763 451 portendere
778 375 902 434 bellurn.
1055 371 1081 422 80

95 477 126 525 at
141 488 193 526 rex
204 467 357 550 pollicitus
373 467 525 540 monstris
543 468 666 525 oracula
681 467 788 541 Fauni,

93 559 212 618 fatidici
226 559 383 635 genitoris
400 561 464 618 adit
453 561 637 637 t,lucosque
653 561 710 619 sub
727 561 789 618 alta

94 655 226 712 consulit
242 654 393 727 Albunea,
411 672 569 710 nemorum
572 673 676 745 quae
680 653 811 711 maxima
827 673 916 712 sacro

93 747 161 805 font
149 756 179 805 te
195 756 293 818 sonat,
311 766 495 821 saevamque
512 728 652 804 exhalat
649 765 747 822 opaca
762 746 931 822 mephitim.

94 840 166 897 hinc
182 843 210 898 It
212 840 278 897 alae
293 849 401 915 gentes
417 839 578 915 omnisque
595 839 720 898 Oenot'
685 848 743 897 tna
757 831 872 898 tellus

94 933 125 990 in
142 932 242 991 dubiis
258 951 407 1009 responsa
422 941 543 1008 petunt;
566 932 626 989 huc
641 932 723 990 dona
738 933 882 990 sacerdos

94 1044 163 1107 cum
178 1025 247 1083 tulit
262 1034 293 1082 et
309 1044 466 1097 caesarum
483 1025 584 1082 ovium
600 1026 656 1083 sub
673 1034 763 1084 nocte
780 1024 882 1083 silenti

59 1174 63 1182 ,
93 1118 225 1194 pellibus
241 1117 379 1199 incubuit
395 1118 498 1176 stratis
514 1109 701 1194 somnosque
716 1117 832 1193 petivit,

94 1211 188 1269 multa
204 1210 305 1268 modis
319 1210 481 1279 simulacra
497 1210 580 1269 videt
595 1210 755 1268 volitantia
768 1210 861 1283 miriS,

94 1313 124 1362 et
139 1303 239 1361 varias
256 1298 340 1360 audit
355 1322 456 1376 voceS,
473 1303 642 1378 fruiturque
658 1303 783 1361 deorum
1060 1317 1088 1368 90

95 1396 267 1471 conloquio,
285 1405 377 1470 atque
393 1395 460 1453 imis
477 1396 654 1454 Acheronta
670 1396 792 1470 adfatur
807 1396 949 1456 Avernis

94 1490 189 1546 hicet
205 1499 269 1546 tum
284 1498 371 1564 pater
387 1488 453 1563 ipse
468 1498 577 1564 petens
593 1508 742 1564 responsa
758 1489 887 1547 Latinus

95 1591 217 1639 centum
233 1581 384 1657 lanigeras
400 1590 548 1639 mactarat
563 1581 618 1639 rite
634 1581 778 1655 bidentis,

96 1684 187 1749 atque
202 1675 309 1730 harum
325 1674 448 1731 effultus
464 1683 549 1751 tergo
565 1674 729 1750 stratisque
745 1674 865 1734 iacebat

95 1767 271 1825 velleribus:
295 1753 396 1824 subita
411 1785 448 1824 ex
464 1767 525 1824 alto
541 1787 599 1824 vox
614 1767 734 1825 reddita
749 1767 893 1826 luco'est:
1059 1780 1087 1833 95

95 1880 133 1918 ne
148 1870 219 1936 pete
236 1859 375 1917 conubiis
391 1868 495 1917 natam
511 1859 627 1917 sociare
644 1860 771 1933 Latinis,

96 1973 114 2010 o
129 1972 197 2010 mea
212 1951 382 2029 progenies,
399 1952 541 2010 thalamis
557 1972 617 2010 neu
633 1953 722 2010 crede
737 1954 865 2028 paratis;

96 2045 212 2103 externi
227 2044 354 2102 veniunt
369 2045 480 2120 generi,
499 2045 550 2119 qui
567 2045 715 2123 sanguine
731 2056 869 2104 nostrum

95 2158 207 2196 nomen
224 2138 254 2193 in
271 2146 352 2194 astra
367 2138 474 2210 ierant,
493 2123 683 2213 quorumque
699 2139 737 2197 ab
754 2139 848 2215 stirpe
864 2149 994 2215 nepotes

73 2224 78 2295 ἱ
96 2232 198 2289 omnia
215 2231 270 2288 sub
286 2230 426 2305 pedibus,
445 2250 504 2305 qua
522 2230 573 2288 Sol
590 2240 750 2313 utrumque
765 2251 923 2290 recurrens
1046 2247 1088 2282 100

76 2314 79 2319 ¹
96 2324 205 2399 aspicit
223 2324 389 2396 Oceanum,
406 2323 542 2399 vertique
559 2324 683 2399 regique
698 2324 855 2383 videbunt.

95 2417 172 2474 haec
188 2435 336 2491 responsa
351 2416 446 2491 patris
464 2416 560 2473 Fauni
576 2417 771 2493 monitusque
788 2417 889 2475 silenti

95 2519 185 2567 nocte
202 2509 291 2566 datos
306 2528 368 2565 non
385 2508 449 2584 ipse
466 2528 521 2567 suo
537 2510 646 2584 premit
662 2529 713 2567 ore
729 2510 866 2584 Latinus,

95 2602 151 2661 scd
167 2601 280 2659 circum
295 2601 355 2659 late
370 2601 501 2660 volitans
518 2602 577 2658 iam
595 2604 688 2659 Fama
703 2622 757 2678 per
772 2603 862 2661 urbes

96 2695 251 2753 Ausonias
267 2695 385 2766 tulerat,
403 2713 471 2751 cum
488 2696 710 2753 Laomedontia
725 2696 823 2771 pubes

94 2789 251 2866 gramineo
266 2788 349 2864 ripae
366 2787 502 2863 religavit
518 2789 557 2846 ab
573 2770 682 2864 aggere
699 2789 829 2846 classem

138 2885 260 2940 Aeneas
276 2880 425 2957 primique
442 2881 536 2939 duces
552 2891 582 2939 ct
597 2882 723 2957 pulcher
740 2882 824 2939 Iulus

96 2995 223 3051 corpora
239 2976 295 3033 sub
312 2974 402 3031 ramis
419 2974 576 3050 deponunt
593 2974 708 3032 arboris
725 2975 813 3047 altae,

96 3067 320 3143 instituuntque
336 3067 440 3142 dapeS‚
458 3075 488 3124 et
504 3067 617 3125 adorea
632 3067 695 3126 liba
709 3087 763 3144 per
778 3068 904 3127 herbam

140 3220 168 3268 81
190 3221 328 3284 monstris,
341 3220 555 3281 prodigite-84
573 3235 693 3285 suevam,
708 3222 873 3282 pestilentem,
886 3222 1090 3284 permiram.—

78 3294 119 3343 86
132 3297 212 3362 dona,
231 3300 308 3346 sacri
321 3299 399 3347 cz‘um.
410 3312 483 3363 —91
506 3298 672 3363 Acheronta,
691 3298 745 3344 deos
764 3297 859 3357 inferos
877 3303 898 3341 et
914 3312 1010 3343 mones.
