2256 3608
80 192 121 274 56
396 206 569 254 Aaxamos
598 206 662 254 Lm.
692 207 754 255 vir.

76 361 107 410 at
122 350 226 409 Trivia
242 350 445 428 Hippolytum
461 348 587 407 secretis
603 348 683 406 alma
699 350 855 410 recondit

75 443 211 515 sedibus,
228 453 259 503 et
274 444 426 520 nymphae
444 441 570 518 Egeriae
586 441 771 518 nemorique
789 442 924 520 relegat,

76 538 160 595 solus
175 537 227 594 ubi
244 537 275 593 in
292 536 376 594 silvis
393 535 480 594 Italis
496 534 640 610 ignobilis
656 553 768 592 aevum

76 630 218 707 exigeret,
236 648 386 704 versoque
403 628 455 686 ubi
471 627 594 685 nomine
609 627 736 686 Virbius
752 639 853 688 esset.

76 723 158 780 unde
174 722 266 780 etiam
282 722 396 797 templo
412 720 533 778 Triviae
549 720 686 796 lucisque
702 722 839 781 sacratis

77 815 258 891 cornipedes
275 825 415 872 arcentur
430 813 510 889 equi,
528 814 611 889 quod
627 813 714 872 litore
731 833 859 873 currum

77 918 108 967 et
122 908 264 966 iuvenem
280 907 424 966 monstris
439 906 543 982 pavidi
558 907 694 965 effudere
709 907 851 968 marinis

77 1001 157 1060 filius
173 1001 309 1059 ardentis
325 1001 408 1058 haud
424 999 520 1058 setius
537 1018 670 1075 aequore
685 1000 787 1076 campi

77 1095 240 1153 exercebat
256 1113 352 1170 equos
368 1112 518 1168 curruque
534 1092 565 1149 in
580 1092 661 1151 bella
676 1094 795 1152 ruebat.

120 1190 192 1264 Ipse
208 1187 288 1245 inter
302 1186 416 1263 primos
432 1185 602 1262 praestanti
618 1205 745 1262 corpore
761 1188 890 1247 Turnus

78 1281 203 1339 vertitur
219 1299 302 1338 arma
317 1288 436 1352 tenenS,
453 1289 484 1338 et
499 1288 565 1337 toto
580 1279 693 1337 vertice
709 1298 803 1355 supra
819 1291 877 1340 est.

78 1373 127 1432 cui
142 1373 254 1449 triplici
269 1372 378 1431 crinita
393 1372 466 1430 iuba
479 1373 568 1448 galea
584 1373 646 1430 alta
662 1372 860 1432 Chimaeram

78 1467 218 1538 sustinet,
236 1469 391 1524 Aetnaeos
408 1467 560 1523 efflantem
574 1465 716 1524 faucibus
731 1465 811 1542 ignis
826 1491 833 1525 :

78 1569 141 1618 tam
156 1559 253 1636 magis
269 1559 320 1616 illa
334 1560 468 1616 fremens
484 1568 515 1617 et
531 1558 669 1617 tristibus
684 1559 779 1617 effera
794 1559 942 1635 flammis,

80 1672 171 1728 quam
186 1652 283 1729 magis
300 1652 399 1710 effuso
415 1652 599 1710 crudescunt
614 1651 763 1728 sanguine
779 1672 917 1730 pugnae.

80 1755 110 1803 at
126 1746 223 1803 levem
239 1745 370 1821 clipeum
386 1744 515 1803 sublatis
532 1744 675 1803 cornibus
692 1747 727 1803 Io

80 1858 152 1896 auro
169 1839 344 1914 insignibat,
363 1838 422 1894 iam
438 1837 531 1896 saetis
548 1837 656 1909 obsita,
674 1838 734 1895 iam
748 1839 815 1911 bos

81 1941 291 2007 argumentum
307 1931 424 2007 ingens,
442 1941 471 1988 et
488 1941 592 1989 custos
607 1931 732 2007 virginis
749 1935 861 2008 Argus,

81 2025 259 2099 caelataque
277 2044 397 2081 amnem
413 2024 547 2081 lundens
564 2034 651 2099 pater
667 2026 801 2083 Inachus
817 2045 907 2087 urna.

80 2117 251 2193 insequitur
266 2117 388 2174 nimbus
405 2117 551 2192 peditum,
570 2117 762 2193 clipeataque
792 2119 869 2178 totis

81 2211 202 2287 agmina
218 2211 385 2268 densentur
401 2210 525 2285 campis
544 2210 717 2286 Argivaque
733 2211 831 2286 pubes

82 2307 306 2378 Auruncaeque
323 2323 440 2375 manus,
460 2304 565 2361 Rutuli
582 2314 761 2378 veteresque
780 2304 887 2363 Sicani

82 2407 112 2454 et
130 2399 281 2455 Sacranae
299 2397 380 2454 acies
397 2407 427 2454 et
443 2397 516 2472 picti
533 2407 619 2454 scuta
635 2396 760 2468 Labici;

83 2491 134 2565 qui
151 2492 256 2561 saltus,
275 2489 428 2562 Tiberine,
447 2500 524 2560 tuos,
543 2509 723 2565 sacrumque
740 2490 864 2549 Numici

83 2583 153 2641 litus
170 2594 265 2656 arant,
284 2584 476 2658 Rutulosque
493 2594 635 2640 exercent
650 2602 771 2640 vomere
787 2584 885 2658 collis,

83 2677 304 2752 Circaeumque
320 2677 431 2753 iugum,
450 2676 517 2752 quis
534 2676 672 2750 Iuppiter
687 2678 830 2734 Anxurus
847 2680 932 2739 arvis

82 2771 245 2847 praesidet,
263 2780 293 2828 et
308 2771 395 2828 viridi
411 2770 549 2846 gaudens
566 2769 695 2826 Feronia
711 2769 779 2826 luco
794 2793 800 2841 ς

84 2883 143 2939 qua
161 2866 287 2922 Saturae
304 2864 383 2921 iacet
399 2875 463 2921 atra
479 2863 575 2938 palus,
593 2862 774 2938 gelidusque
791 2881 845 2938 per
860 2864 943 2926 imas

84 2957 201 3034 quaerit
218 2961 274 3014 iter
289 2957 376 3014 vallis
392 2967 483 3032 atque
500 2956 530 3012 in
547 2974 628 3013 mare
645 2956 787 3013 conditur
802 2957 914 3018 Ufens

126 3090 174 3152 776
186 3104 294 3154 aevum,
307 3096 417 3138 aetatem.
426 3103 511 3151 -777
526 3088 657 3152 exigeret,
676 3097 764 3151 ageret,
777 3090 878 3151 degeret.
887 3120 924 3129 -
933 3108 984 3158 779

84 3167 137 3232 tur,
147 3168 323 3229 prohibentur.
332 3195 365 3202 —
373 3166 421 3226 780
434 3165 538 3229 pavidi,
550 3167 646 3212 turbati
656 3167 731 3226 (767).
740 3195 774 3201 —
782 3166 825 3226 781
842 3168 944 3235 setius,
956 3189 994 3220 mr

85 3244 132 3306 783
148 3243 312 3308 praestanti,
321 3241 606 3305 pulcherrimo—734
622 3242 739 3300 uertice,
757 3243 944 3298 capita—pers
960 3253 994 3292 su*

75 3323 267 3386 erema-790
290 3322 397 3388 obsita,
418 3318 725 3376 tecta‚obducto.-·1c)i
750 3312 867 3369 ingens,
883 3311 993 3354 introbit

61 3403 199 3468 exercent,
216 3410 330 3453 versant
343 3402 427 3467 (748).
