2256 3608
103 243 143 289 22
364 211 367 216 ¹
420 244 594 288 nnnnrnos
626 245 690 290 mn.
714 244 772 291 vn.

100 384 212 441 talibus
229 384 395 441 Aeneadae
411 383 500 442 donis
516 383 667 459 dictisque
684 383 786 442 Latini

101 476 247 534 sublimes
263 476 293 532 in
310 476 397 551 equis
414 476 551 549 redeunt,
567 496 736 552 pacemque
751 487 918 553 reportant.
1046 477 1084 541 ²85

144 562 222 627 Ecce
238 579 339 626 autern
357 569 575 635 lnachiissese
590 570 742 628 referebat
758 571 796 629 ab
812 571 905 646 Argis

100 681 192 719 saeva
209 662 292 720 lovis
308 662 448 734 coniunx,
467 682 617 738 aurasque
633 662 754 721 invecta
769 664 904 736 tenebat,

100 765 130 812 et
146 755 259 813 laetum
275 757 404 813 Aenean
420 753 612 832 classemque
628 775 665 814 ex
680 756 803 814 aethere
819 756 911 832 longe

102 848 289 906 Dardaniam
307 848 409 906 Siculo
424 848 581 924 prospexit
596 850 635 907 ab
651 868 748 923 usque
766 849 921 925 Pachyno,

99 941 197 999 moliri
214 941 273 998 iarn
289 950 371 999 tecta
385 941 476 1014 videt,
494 941 554 999 13111
569 942 663 1000 fidere
678 951 785 1014 terrae,

99 1034 271 1092 deseruisse
288 1045 378 1093 rates
425 1034 514 1092 Stetit
530 1034 592 1092 acri
606 1035 666 1092 fixa
682 1035 800 1106 dolore;

99 1136 162 1184 tum
180 1146 331 1202 quassans
348 1137 439 1202 caput
454 1127 531 1185 haec
546 1127 677 1185 effundit
691 1136 815 1202 pectore
831 1127 929 1186 dicta:

98 1220 158 1277 heu
174 1220 300 1295 stirpem
317 1219 454 1292 invisam,
472 1230 503 1277 et
518 1219 589 1277 fatis
606 1219 758 1278 contraria
773 1220 886 1278 nostris

97 1313 161 1370 fata
178 1313 343 1390 Phrygum!
367 1331 439 1370 num
457 1312 554 1389 Sigeis
570 1314 751 1371 occumbere
766 1312 892 1388 campis,

98 1425 170 1462 num
187 1405 268 1481 capti
284 1415 410 1481 potuere
427 1405 514 1481 capi?
538 1425 611 1463 num
627 1405 753 1464 incensa
768 1406 914 1465 cremavit

97 1499 190 1556 Troia
205 1498 306 1556 viros?
329 1498 446 1556 medias
462 1498 543 1556 acies
560 1499 738 1573 mediosque
753 1518 808 1574 per
822 1498 902 1574 ignis

95 1591 241 1651 ‚invenere
257 1592 345 1650 viam.
391 1595 441 1664 At,
458 1592 558 1664 cred0,
575 1611 643 1649 mea
658 1591 784 1649 numina
799 1591 925 1650 tandem

96 1685 179 1742 fessa
196 1685 304 1757 iacent,
321 1684 400 1742 odiis
417 1694 468 1742 aut
483 1693 657 1742 exsaturata
673 1683 782 1760 quievi.
795 1721 837 1727 —

29 1846 35 1851 ‚
97 1777 170 1852 quin
187 1777 278 1835 etiam
294 1777 407 1861 patria
407 1796 553 1859 excussos
569 1777 681 1834 infesta
696 1796 750 1853 per
765 1778 863 1835 undas

55 1852 57 1865 ’
96 1890 171 1928 31153
188 1871 275 1945 sequi
291 1880 320 1927 et
336 1870 472 1946 profugis
488 1880 553 1927 toto
569 1889 617 1928 me
633 1890 788 1945 opponere
804 1880 909 1946 pont0.

96 1965 277 2038 absumptae
294 1963 324 2019 in
340 1965 476 2021 Teucros
492 1962 571 2021 vires
588 1963 725 2038 caelique
740 1963 903 2038 marisque.

96 2056 169 2131 quid
188 2059 300 2134 Syrtes
318 2066 369 2113 aut
386 2056 486 2133 Scylla
501 2056 583 2128 mihi,
602 2056 675 2131 quid
690 2066 777 2113 vasta
794 2056 969 2134 Charybdis

94 2150 228 2224 profuit?
252 2158 358 2225 optato
374 2150 547 2206 conduntur
562 2148 727 2226 Thybridis
744 2149 840 2220 alve0‚

95 2243 192 2300 securi
209 2241 309 2318 pelagi
326 2252 418 2317 atque
433 2242 501 2300 mei.
548 2243 632 2299 Mars
648 2243 775 2316 perdere
790 2252 914 2318 gentem

94 2335 258 2393 immanem
275 2335 440 2411 Lapithum
455 2334 549 2392 valuit
564 2358 569 2406 ;
593 2335 746 2392 concessit
762 2334 792 2392 in
808 2335 868 2394 iras

95 2428 159 2503 ipse
177 2430 268 2486 deum
285 2428 441 2503 antiquam
457 2427 577 2503 genitor
593 2427 753 2504 Calydona
769 2429 903 2486 Dianae:

95 2522 178 2595 quod
202 2523 301 2579 scelus
328 2531 379 2578 aut
403 2521 549 2596 Lapithas
573 2530 700 2591 tantum,
718 2530 769 2578 aut
793 2521 952 2598 Calydona

178 2617 365 2672 merentem?

95 2717 142 2765 ast
158 2727 224 2783 ego,
242 2726 352 2782 magna
370 2706 451 2765 lovis
467 2707 608 2778 coniunx,
626 2707 667 2763 nil
684 2706 821 2782 linquere
837 2708 979 2766 inausum

95 2820 173 2874 quae
190 2800 275 2875 potui
292 2799 404 2871 infelix,
422 2819 500 2874 quae
517 2809 628 2856 memet
644 2800 674 2855 in
690 2800 793 2857 omnia
809 2800 892 2871 verti,
1106 2874 1110 2881 Ι

95 2893 199 2950 vincor
216 2894 253 2950 ab
271 2896 385 2950 Aenea.
432 2893 524 2964 Quod
540 2891 565 2949 si
581 2911 649 2949 mea
665 2892 790 2949 numina
806 2912 867 2950 non
884 2903 955 2951 sunt
1045 2907 1088 2960 31⁰

94 3004 205 3061 magna
228 2986 311 3057 satis,
336 2985 472 3042 dubitem
495 2985 578 3042 haud
600 2985 742 3059 equidem
762 2985 922 3060 implorare
946 2989 1032 3062 quod

178 3097 307 3153 usquam
328 3088 383 3135 est.

136 3242 185 3291 293
203 3229 327 3293 stirpem,
336 3234 443 3289 (peritam.
452 3255 486 3262 -
495 3241 542 3291 294
560 3229 722 3292 occumbere,
740 3229 838 3275 moriri.
847 3257 880 3263 -
888 3242 936 3291 299
953 3242 1088 3297 excussos,

76 3307 202 3364 ”arjandan
214 3334 251 3343 —-
256 3321 290 3371 50
291 3319 308 3372 5
321 3306 487 3373 immanem,
502 3308 639 3371 ingentem.
647 3304 789 3366 —yalu'it,
800 3305 889 3362 potuit.
