2256 3608
117 224 154 269 12
432 222 606 267 AENEIDOS
638 223 703 268 LIB.
727 223 786 268 VII.

112 364 244 435 invocat,
260 373 290 421 et
307 363 438 439 duplicis
454 363 611 439 Caeloque
628 363 789 439 Ereboque
805 371 960 438 parentes.
974 349 987 443 ἱ

113 457 162 514 hic
177 466 264 532 pater
280 455 475 531 omnipotens
490 465 537 513 ter
552 456 637 514 caelo
653 455 753 514 clarus
769 456 808 514 ab
824 456 887 513 alto

113 549 253 620 intonuit,
270 548 426 623 radiisque
442 549 601 606 ardentem
616 548 692 606 lucis
708 557 738 606 et
755 567 827 606 auro

113 641 178 717 ipse
195 661 286 698 manu
302 641 444 716 quatiens
460 641 596 698 ostendit
611 642 650 699 ab
666 642 789 699 aethere
805 642 928 700 nubem.

113 734 226 791 diditur
242 734 291 791 hic
306 733 409 792 subito
425 733 559 791 Troiana
580 753 635 809 per
650 734 771 838 agmina
786 753 896 805 rumor,

113 827 276 884 advenisse
292 827 382 898 diem,
399 846 461 902 quo
477 826 582 885 debita
597 827 719 884 moenia
735 826 879 884 condant.

112 919 251 976 certatim
267 919 438 976 instaurant
454 920 605 995 epulas,a
587 928 680 995 atque
696 920 797 977 omine
813 938 926 995 magno

113 1021 246 1070 crateras
261 1012 333 1069 laeti
349 1021 488 1070 statuunt
503 1022 533 1070 et
548 1013 620 1070 vina
634 1021 791 1070 coronant.

605 1094 668 1109 n—

155 1190 281 1245 Postera
297 1207 365 1245 cum
382 1188 478 1263 prima
494 1189 642 1247 lustrabat
658 1189 799 1264 lampade
814 1197 911 1246 terras

108 1280 269 1361 &odiet
287 1281 392 1338 urbem
408 1291 438 1338 et
454 1281 523 1339 finis
540 1290 570 1338 et
585 1281 674 1339 litora
688 1281 789 1357 gentis

112 1373 224 1431 diversi
240 1374 413 1448 explorant:
436 1374 513 1431 haec
528 1374 623 1432 fontis
639 1383 748 1450 stagna
765 1373 894 1446 Numici,

112 1466 193 1523 hunc
209 1466 357 1543 Thybrim
372 1466 505 1538 fluvium,
519 1467 569 1523 hic
583 1466 671 1525 fortis
687 1467 825 1524 habitare
842 1467 981 1526 Latinos

111 1568 175 1615 tum
192 1568 239 1616 sat
241 1578 287 1622 ιι5
228 1559 431 1627 tAnchisa
446 1559 583 1617 delectos
599 1559 705 1617 ordine
722 1560 761 1617 ab
777 1559 860 1617 omni
925 1570 928 1575 ’

112 1661 235 1708 centum
251 1661 387 1709 oratores
403 1661 533 1737 augusta
549 1652 588 1710 ad
603 1652 725 1710 moenia
740 1652 820 1728 regis

112 1744 153 1801 ire
170 1744 263 1816 iubet,
242 1744 371 1802 tramis
387 1744 467 1802 velat
456 1753 504 1802 tos
522 1745 655 1803 Palladis
672 1745 779 1817 omnis

112 1838 254 1911 donaque
269 1837 391 1894 ferre
364 1857 437 1909 vrro
454 1857 623 1912 pacemque
640 1856 805 1913 exposcere
821 1839 958 1898 Teucris.

111 1930 194 1987 haud
210 1949 302 2001 mora,
319 1930 467 1988 festinant
483 1920 558 1988 iussi
574 1930 750 2006 rapidisque
766 1931 904 1988 feruntur

112 2023 264 2097 passibus,
310 2025 382 2098 Ipse
398 2023 504 2079 humili
521 2023 662 2098 designat
678 2023 799 2081 moenia
813 2024 908 2095 fossa,

112 2115 293 2190 moliturque
310 2116 425 2210 locum,=
436 2115 611 2219 primasque
627 2116 659 2173 in
675 2116 761 2174 litore
778 2116 868 2174 sedes

111 2218 279 2265 castrorum
295 2203 335 2264 in
341 2227 456 2266 morem
472 2209 608 2286 pinnisa
610 2218 682 2283 tque
699 2228 808 2285 aggere
825 2209 927 2285 cingit.

111 2301 240 2402 iamque
248 2300 270 2358 it
273 2320 305 2358 er
320 2301 436 2379 emensi
445 2311 549 2375 turres
566 2321 601 2358 ac
617 2310 698 2358 tecta
715 2301 893 2359 Latinorum

111 2393 206 2450 ardua
222 2363 411 2451 cernebant
377 2403 538 2466 truvene5‚
556 2413 703 2469 muroque
720 2394 873 2452 subibant.

111 2496 163 2543 ant
166 2505 181 2543 e
152 2487 304 2545 turbem
318 2486 450 2562 pueriet
466 2486 621 2561 primaevo
637 2487 733 2545 flore
727 2496 867 2544 iuventus

82 2641 90 2647 ..
111 2589 289 2636 exercentur
305 2579 400 2653 equis,
418 2579 630 2654 domitantque
647 2580 678 2636 in
693 2581 817 2655 pulvere
833 2599 947 2652 currus,

111 2681 162 2729 aut
178 2671 255 2729 acris
271 2672 403 2729 tendunt
419 2692 515 2744 arcus,
533 2683 585 2729 aut
601 2673 683 2753 lenta
699 2672 819 2730 lacertis

111 2763 231 2840 spicula·
244 2784 302 2822 con
304 2775 456 2839 torquent,
474 2770 625 2841 cursuque
641 2750 764 2840 ictuque
780 2766 949 2824 lacessunt:

111 2877 178 2914 cum
194 2877 229 2932 pr
230 2867 365 2960 >vec
339 2877 374 2915 us
391 2876 470 2931 equo
487 2857 626 2961 longaevi
643 2858 722 2934 regis
739 2858 777 2915 ad
794 2858 874 2916 auris

110 2959 186 3007 nunt
189 2950 235 3007 ius
251 2950 384 3025 ingentis
400 2950 505 3026 ignota
520 2950 552 3007 in
567 2960 652 3008 veste
668 2960 803 3026 reportat

158 3128 203 3174 140
218 3114 345 3179 duplicis,
358 3116 457 3162 duo.—
466 3130 512 3176 144
530 3117 603 3167 didit
591 3118 643 3181 tur,
657 3118 809 3178 efflrtur.-
819 3130 863 3178 147
877 3117 953 3182 vina,
962 3123 1105 3180 pocula.-

113 3203 121 3236 1
128 3203 157 3253 52
170 3192 257 3254 satus,
268 3198 350 3247 natus,
355 3192 439 3252 filius.
448 3220 481 3227 —
491 3204 536 3256 153
546 3194 673 3257 oratores,
683 3194 764 3255 legati.
772 3221 806 3228 -
815 3207 824 3240 1
831 3192 860 3258 58
871 3194 957 3259 sedes,
967 3196 1104 3247 domicilia.

97 3264 150 3329 165
157 3266 309 3334 lacessunt,
323 3269 489 3320 contendunt.
529 3312 535 3343 ¹
