2256 3608
66 231 106 295 54
385 202 558 278 anunruos
587 233 654 278 crs.
680 232 742 278 vrr.

64 373 172 445 Ufens,
189 371 341 449 insignem
356 373 439 430 fama
454 381 485 430 et
499 371 643 430 felicibus
660 372 756 431 armis
770 396 777 446 ;

62 465 186 524 horrida
200 465 364 541 praecipue
380 465 430 524 cui
444 484 530 542 gens,
547 465 741 540 adsuetaque
760 467 857 524 multo

62 568 176 617 venatu
191 578 357 632 nemorum,
375 558 459 617 duris
474 557 647 634 Aequicula
661 559 793 635 glaebis

63 652 171 710 armati
187 653 297 710 terram
314 661 465 723 exercent,
483 670 665 727 semperque
681 652 817 711 recentis

63 754 244 803 convectare
260 744 343 802 iuvat
359 745 490 820 praedas
506 753 536 802 et
551 743 654 803 vivere
669 754 769 820 rapto.

106 837 189 910 Quin
205 847 235 896 et
253 837 407 895 Marruvia
422 837 507 896 venit
522 838 560 896 de
576 845 668 914 gente
684 838 841 911 sacerdos,
980 838 1001 892 ll

63 931 172 989 fronde
189 950 280 1007 super
295 930 414 1007 galeam
431 941 460 989 et
476 930 559 988 felici
575 940 717 1006 comptus
732 931 824 1004 oliva,

64 1024 211 1100 Archippi
227 1024 307 1101 regis
323 1023 427 1095 missu,
445 1023 632 1082 fortissimus
648 1024 778 1097 Umbr0,

65 1117 187 1192 vipereo
202 1117 307 1193 generi
323 1126 353 1175 et
368 1116 500 1193 graviter
515 1116 702 1193 spirantibus
717 1117 825 1194 hydris

65 1229 207 1286 spargere
223 1210 275 1286 qui
291 1230 416 1269 somnos
432 1219 586 1285 cantuque
602 1228 756 1285 manuque
773 1212 905 1284 solebat,

66 1304 279 1379 mulcebatque
295 1304 354 1362 iras
371 1313 401 1361 et
416 1322 535 1361 morsus
552 1312 615 1360 arte
630 1303 762 1361 levabat.
995 1312 1001 1360 t

66 1397 199 1455 sednon
216 1397 391 1455 Dardaniae
408 1395 553 1454 medicari
569 1394 706 1470 cuspidis
722 1395 820 1454 ictum

66 1490 187 1562 evaluit,
205 1509 304 1565 neque
320 1509 389 1548 eum
405 1490 508 1547 iuvere
524 1489 554 1546 in
571 1489 695 1547 volnera
710 1499 824 1548 cantus

67 1583 222 1641 somniferi
240 1593 269 1641 et
287 1582 398 1641 Marsis
416 1582 574 1658 quaesitae
590 1581 746 1640 montibus
762 1582 891 1643 herbae.

66 1685 219 1734 tenemus
236 1675 387 1752 Angitiae,
405 1676 501 1733 vitrea
516 1685 547 1734 te
564 1674 697 1733 Fucinus
712 1674 807 1748 unda,

66 1779 95 1826 te
112 1769 219 1844 liquidi
235 1769 344 1826 flevere
362 1769 455 1826 lacus

109 1863 178 1919 Ibat
194 1871 224 1919 et
242 1862 403 1938 Hippolyti
419 1861 520 1936 proles
536 1860 738 1936 pulcherrima
753 1862 849 1937 bello,

67 1955 198 2026 Virbius,
217 1954 366 2031 insignem
384 1974 474 2029 quem
490 1964 587 2012 mater
603 1953 704 2011 Aricia
719 1954 813 2028 misit,

66 2050 209 2106 eductum
227 2048 352 2124 Egeriae
369 2047 445 2104 lucis
462 2046 597 2104 umentia
613 2046 726 2104 circum

66 2141 162 2213 litora,
176 2141 298 2217 pinguis
312 2141 364 2198 ubi
377 2150 408 2199 et
420 2139 579 2216 placabilis
592 2159 644 2197 ara
657 2139 786 2198 Dianae.
819 2141 988 2220 [novercae

66 2252 198 2310 namque
214 2235 315 2292 ierunt
331 2235 412 2291 fama
432 2234 644 2310 Hippolytum,
658 2243 824 2308 postquam
843 2248 912 2297 arte

66 2327 212 2385 occiderit
227 2327 402 2403 patriasque
421 2327 548 2402 explerit
565 2325 713 2402 sanguine
729 2346 851 2402 poenas

66 2421 195 2478 turbatis
212 2421 374 2479 distractus
393 2420 488 2495 equis,
508 2421 546 2477 ad
563 2421 663 2477 sidera
679 2439 783 2477 rursus

67 2514 202 2570 aetheria
218 2524 248 2572 et
264 2532 389 2589 superas
407 2513 483 2571 caeli
500 2513 621 2571 venisse
637 2514 808 2584 subauraS,

68 2606 210 2664 Paeoniis
226 2617 400 2665 revocatum
417 2609 519 2666 herbis
536 2618 565 2666 et
581 2627 683 2665 amore
700 2607 829 2666 Dianae.

67 2708 131 2756 turn
148 2701 237 2757 Pater
252 2701 455 2778 omnipotens
477 2703 609 2778 aliquem
626 2701 802 2776 indignatus
819 2701 861 2760 ab
879 2707 1001 2767 umbris

68 2793 225 2850 mortalem
241 2792 367 2853 infernis
385 2797 424 2854 ad
440 2797 555 2854 lumina
571 2814 692 2871 surgere
708 2793 796 2864 vitae,

67 2884 132 2960 ipse
148 2896 333 2961 repertorem
351 2890 520 2948 medicinae
537 2890 607 2947 talis
623 2899 653 2947 et
669 2888 742 2946 artis

67 2978 193 3037 fulmine
211 2981 441 3059 Phoebigenam
460 2983 579 3059 Stygias
596 2981 725 3040 detrusit
741 2980 779 3037 ad
795 2982 911 3043 undas

108 3100 155 3160 748
175 3104 309 3165 exercent,
329 3109 533 3163 versane-749
553 3105 718 3164 convectare,
738 3102 965 3172 caesara-749
985 3125 1001 3160 n

65 3178 261 3241 proedo—751
277 3180 409 3242 comptus,
424 3178 633 3241 oriculus—756
652 3179 746 3242 icium,
768 3179 867 3226 volnus.
878 3210 917 3219 —
927 3187 977 3250 763
997 3203 1001 3235 4

67 3251 136 3316 tum,
157 3255 296 3301 educatum.
307 3253 395 3314 -767
415 3253 547 3317 turbatis,
566 3256 738 3307 consternatis,
756 3257 1001 3321 cornemium-773

67 3327 156 3394 trusit,
170 3329 261 3378 (bricti.
