2256 3608
62 244 108 306 44
304 261 313 276 ·
393 242 566 287 AENEIDOS
590 243 658 288 LIB.
686 245 751 292 VII.

64 385 255 460 supplicium,
272 383 413 459 votisque
430 384 506 442 deos
521 385 711 443 venerabere
729 387 823 447 seris

64 497 134 534 narn
151 477 224 534 mihi
240 488 327 553 parta
343 476 439 552 quies,
456 476 617 551 omnisque
633 475 667 533 in
684 478 798 538 limine
814 492 941 557 portus;

63 571 169 628 funere
184 569 266 628 felici
282 569 405 645 spolior.
451 571 517 627 Nec
531 569 619 645 plura
633 568 761 630 locutus

63 664 179 740 saepsit
194 683 227 722 se
243 662 519 738 tecti5,·rerumque
534 661 656 737 reliquit
672 663 831 726 habenas
1011 665 1037 712 ⁶⁰⁰

106 758 176 815 Mos
192 766 255 814 erat
274 755 427 831 Hesperio
442 755 474 812 in
491 754 588 827 Latio,
607 774 698 831 quem
714 759 866 832 protinus
885 763 971 819 urbes

64 850 203 907 Albanae
219 849 338 907 coluere
355 867 484 921 sacrum,
500 867 582 906 nunc
598 848 730 906 maxima
748 870 856 910 rerum

64 946 164 1000 Roma
179 942 260 1013 colit,
277 961 345 1000 curn
361 941 458 1017 prima
473 951 597 1000 movent
613 941 644 999 in
659 943 781 1018 proelia
799 946 946 1018 Martem,

63 1036 126 1093 sive
143 1036 230 1094 Getis
246 1035 356 1092 inferre
372 1054 464 1092 manu
480 1034 665 1093 lacrimabile
681 1035 801 1094 bellurn

66 1129 256 1206 Hyrcanisve
273 1127 422 1186 Arabisve
438 1137 556 1203 parant,
573 1146 627 1186 seu
643 1128 773 1187 tendere
790 1132 832 1190 ad
850 1133 949 1191 Indos
1007 1129 1035 1190 ⁶⁰3

63 1242 263 1297 auroramque
279 1221 365 1296 sequi
383 1221 574 1297 Parthosque
590 1240 751 1297 reposcere
768 1223 877 1299 signa:

63 1326 133 1373 sunt
149 1315 288 1391 geminae
306 1313 380 1371 Belli
395 1323 511 1389 portae,
529 1313 573 1372 sic
588 1313 712 1372 nomine
728 1314 849 1389 dicunt,

63 1408 207 1484 religione
223 1426 327 1465 sacrae
344 1417 373 1465 et
389 1406 473 1465 saevi
488 1406 650 1465 formidine
668 1406 794 1479 Martis;

63 1512 184 1559 centum
201 1500 282 1558 aerei
298 1500 444 1558 claudunt
459 1509 562 1558 vectes
579 1509 764 1576 aeternaque
780 1502 856 1559 ferri

62 1595 180 1667 robora,
198 1613 255 1651 nec
270 1603 374 1651 custos
390 1592 511 1650 absistit
527 1592 631 1650 limine
647 1595 754 1651 Ianus:

62 1688 126 1759 has
145 1687 196 1745 ubi
213 1696 295 1744 certa
310 1686 398 1744 sedet
413 1685 551 1761 patribus
567 1685 720 1743 sententia
735 1706 873 1763 pugnae,

63 1780 128 1855 ipse
145 1779 295 1852 Quirinali
311 1779 416 1836 trabea
432 1778 594 1854 cinctuque
611 1778 732 1837 Gabino

64 1873 191 1948 insignis
208 1882 321 1929 reserat
338 1871 498 1929 stridentia
514 1871 618 1928 limina
636 1872 765 1943 Consul;

64 1967 128 2040 ipse
144 1975 233 2022 vocat
249 1985 377 2041 pugnaS,
395 1965 531 2040 sequitur
546 1975 610 2022 tum
626 1975 727 2022 cetera
742 1968 856 2041 pubes,

64 2078 213 2134 aereaque
230 2059 364 2115 adsensu
380 2057 558 2133 conspirant
573 2077 687 2115 cornua
703 2078 804 2116 rauco

64 2154 121 2209 hoc
138 2162 167 2209 et
183 2162 247 2209 turn
264 2151 419 2208 Aeneadis
436 2151 569 2208 indicere
585 2152 666 2209 bella
682 2151 812 2210 Latinus

64 2266 146 2302 inore
163 2245 324 2302 iubebatur
339 2243 494 2319 tristisque
511 2245 667 2302 recludere
683 2254 797 2320 portas

64 2339 211 2395 abstinuit
227 2348 311 2395 tactu
326 2348 421 2413 pater,
439 2357 624 2412 aversusque
641 2337 751 2413 refugit

64 2432 155 2488 foeda
171 2431 346 2500 ministeria,
365 2440 394 2487 et
410 2430 509 2487 caecis
526 2450 558 2488 se
575 2431 712 2488 condidit
728 2432 857 2492 umbris

65 2535 127 2580 tuni
144 2523 247 2599 regina
264 2524 354 2580 deum
371 2525 455 2580 caelo
472 2524 598 2598 delapsa
615 2523 760 2581 morantis

65 2617 183 2692 impulit
199 2617 265 2691 ipsa
281 2637 373 2673 manu
389 2626 501 2692 portas,
519 2626 549 2674 et
565 2617 688 2674 cardine
704 2636 793 2674 verso

63 2710 135 2767 belli
151 2711 280 2767 ferratos
296 2710 407 2785 rumpit
425 2710 565 2768 Saturnia
581 2710 686 2785 postis

65 2805 150 2862 ardet
166 2804 297 2861 inexcita
314 2803 451 2861 Ausonia
468 2813 559 2877 atque
575 2803 738 2860 immobilis
755 2811 842 2877 ante,

64 2916 134 2972 pars
150 2898 245 2972 pedes
262 2898 303 2953 ire
320 2907 406 2970 parat
422 2916 546 2970 campis,
564 2916 633 2970 pars
651 2896 762 2952 arduus
779 2896 850 2955 altis

64 2989 292 3065 pulverulentus
309 2989 396 3064 equis
412 2990 496 3059 iurit3
520 3008 626 3046 ornnes
644 3008 726 3045 anna
742 2990 917 3063 requirunt.

108 3162 154 3213 599
164 3147 267 3212 funere,
278 3155 361 3195 morte.
370 3177 403 3183 —
411 3148 455 3196 601
468 3150 602 3212 protinus,
608 3156 735 3210 perpetua.
745 3149 833 3195 -612
845 3153 961 3225 trabea,
971 3169 1043 3224 toga.-

64 3224 112 3288 613
125 3228 236 3289 reserat,
247 3226 334 3285 aperit.
343 3224 491 3288 -limina,
496 3227 574 3287 fines.
583 3254 617 3260 -
626 3225 672 3284 617
687 3225 830 3287 recludere,
846 3245 976 3286 reserare,
985 3242 1043 3286 -ω

64 3314 92 3350 se
105 3299 236 3368 condidit,
249 3316 275 3348 se
285 3300 379 3364 saepsit
391 3298 469 3364 (600).
479 3299 567 3348 -622
580 3301 683 3363 postis,
691 3300 769 3359 fores.
