2256 3608
66 227 108 306 36
392 242 564 288 Aauarnos
588 242 653 289 ars.
672 243 732 291 vri.

65 398 171 437 cervus
187 387 252 437 erat
266 379 364 436 forma
379 378 549 455 praestanti
565 387 595 436 et
611 379 760 438 cornibus
778 380 904 458 ingens,

65 472 233 549 Tyrrhidae
249 472 335 548 pueri
351 491 441 547 quem
457 471 562 530 matris
578 472 617 530 ab
633 472 728 530 ubere
743 484 874 550 raptum

64 565 221 622 nutribant
237 565 433 641 Tyrrhusque
449 573 544 641 pater,
562 564 611 623 cui
626 565 710 642 regia
726 577 844 643 parent

65 668 210 730 armenta,
228 667 258 715 et
274 658 334 715 late
351 657 491 715 custodia
507 657 623 716 credita
639 659 749 735 campi.

65 752 226 809 adsuetum
242 750 376 827 imperiis
392 770 477 809 soror
493 751 576 809 omni
594 751 686 809 Silvia
702 771 778 810 cura

65 845 206 903 mollibus
223 844 363 902 intexens
380 844 509 901 amabat
525 862 639 902 cornua
654 844 754 918 sertis,

64 938 268 1013 pectebatque
284 937 389 1008 ferum,
407 956 544 1012 puroque
561 937 592 994 in
606 937 692 995 fonte
709 937 851 1000 lavabat.

65 1030 127 1099 ilie
136 1049 259 1087 manum
275 1029 395 1106 patiens
411 1049 598 1106 mensaeque
614 1031 763 1090 adsuetus
779 1033 853 1091 erili

64 1123 184 1180 errabat
201 1122 285 1180 silvis
301 1141 465 1198 rursusque
481 1123 521 1180 ad
536 1122 641 1180 limina
656 1132 730 1181 nota

64 1217 129 1291 ipse
146 1216 270 1273 domum
286 1235 353 1273 sera
369 1215 508 1291 quamvis
525 1235 558 1274 se
574 1226 664 1274 nocte
678 1216 812 1277 ferebat.

64 1309 145 1366 hune
160 1309 265 1385 procul
281 1318 431 1366 errantem
447 1308 572 1367 rabidae
587 1308 728 1367 venantis
749 1311 812 1368 Iuli

64 1421 255 1460 commovere
272 1421 373 1474 canes,
391 1401 483 1459 fluvio
499 1420 567 1459 cum
582 1402 660 1460 forte
677 1404 820 1462 seeundo

64 1495 219 1567 deflueret,
236 1495 362 1570 ripaque
379 1504 482 1552 aestus
498 1495 648 1553 viridante
663 1494 789 1555 levaret.

64 1587 129 1663 ipse
146 1587 247 1660 etiam,
264 1587 391 1645 eximiae
407 1588 507 1646 laudis
523 1607 689 1646 succensus
705 1607 823 1663 amore,

64 1681 218 1738 Ascanius
234 1700 326 1760 curvp
342 1680 451 1738 direxit
467 1681 585 1757 spicula
601 1700 695 1748 cornu
708 1705 714 1752 3

63 1793 121 1831 nee
137 1775 261 1832 dextrae
278 1761 390 1831 erranti
406 1774 481 1831 deus
499 1774 582 1846 afuit,
600 1784 729 1849 actaque
745 1777 849 1835 multo

63 1886 177 1942 perque
194 1876 312 1924 uterum
328 1867 430 1924 sonitu
446 1887 560 1942 perque
577 1867 628 1924 ilia
642 1867 725 1924 venit
740 1867 904 1932 harundo,

63 1960 185 2017 saucius
202 1970 232 2017 at
249 1960 423 2034 quadrupes
439 1968 512 2017 nota
528 1959 606 2017 intra
622 1970 702 2017 tecta
722 1960 847 2037 refugit,
886 1954 889 1958 ’
1024 1979 1040 2029 st

65 2053 274 2127 successitque
290 2072 415 2128 gemens
432 2053 569 2124 stabulis,
588 2063 758 2128 questuque
775 2069 936 2119 cruentus

65 2154 156 2220 atque
173 2145 347 2225 imploranti
363 2145 469 2203 similis
486 2155 600 2202 tectum
615 2165 704 2203 omne
720 2146 876 2220 replebat.

67 2237 159 2295 Silvia
175 2239 272 2313 prima
288 2258 381 2309 soror,
399 2239 509 2313 palmis
525 2224 669 2313 pereussa
685 2239 826 2312 lacertos

65 2331 208 2387 auxilium
224 2341 313 2388 vocat
330 2341 359 2388 et
376 2332 467 2388 duros
484 2332 654 2389 conclamat
670 2331 808 2407 agrestis

65 2422 125 2494 oili,
142 2424 238 2498 pestis
255 2424 334 2480 enim
352 2424 452 2481 tacitis
470 2425 542 2481 latet
559 2444 667 2499 aspera
682 2423 775 2495 silviS,

65 2514 220 2590 improvisi
237 2517 357 2588 adsunt,
378 2517 427 2573 hic
443 2527 522 2574 torre
539 2527 672 2574 armatus
688 2517 808 2589 obust0,

65 2608 176 2682 stipitis
193 2610 242 2667 hie
256 2610 374 2685 gravidi
390 2611 478 2667 nodis
494 2634 499 2682 3
523 2611 606 2685 quod
622 2611 730 2684 cuique
746 2621 908 2684 repertum

64 2701 194 2774 rimanti,
212 2703 306 2760 telum
323 2703 365 2759 ira
380 2703 463 2760 iacit.
508 2705 607 2761 Vocat
624 2702 744 2778 agmina
760 2703 912 2779 Tyrrhus,

65 2794 266 2868 quadrifidam
284 2815 428 2870 quereum
444 2796 549 2853 cuneis
566 2805 598 2853 ut
612 2797 691 2853 forte
707 2795 822 2852 coactis

65 2886 233 2958 scindebat,
251 2897 338 2962 rapta
354 2888 473 2963 spirans
490 2889 621 2946 immane
638 2887 744 2946 securi.
1027 2912 1039 2962 5

105 3034 152 3082 492
167 3020 236 3084 ipse,
250 3037 295 3067 sua
309 3028 497 3083 sponte—494
511 3035 685 3085 commovere,
696 3023 840 3069 excitavere.
849 3051 883 3058 —
893 3029 950 3088 496
967 3045 1040 3083 amm

64 3096 191 3143 desiderio.
204 3125 238 3132 —
252 3096 367 3159 498-499
397 3100 458 3147 acta
489 3135 495 3146 .
528 3135 534 3147 .
567 3135 572 3147 .
603 3099 691 3162 venit,
721 3098 808 3144 adacta
838 3106 880 3155 est,
910 3111 1040 3163 penam,

64 3178 195 3244 harundo,
209 3181 342 3241 spiculum,
356 3182 488 3240 sagr‘tta-
499 3194 545 3244 500
564 3182 682 3245 saucius,
702 3183 859 3227 vnlneratus.
869 3211 904 3218 -
915 3189 968 3248 506
987 3193 1040 3241 ton

64 3255 129 3300 sude.
138 3257 286 3320 -obusto,
294 3262 422 3316 praeusto.
429 3284 463 3291 —
472 3256 517 3320 508
536 3257 663 3320 rimanti,
679 3259 817 3319 quaerenti.
823 3284 856 3290 -
865 3271 912 3316 gio
932 3264 1040 3317 imm„

62 3342 134 3377 sacw.
