2272 3616
82 221 122 298 38
400 237 573 281 naunroos
606 238 670 282 Lm.
695 238 753 282 vu.

80 384 111 431 at
127 394 219 432 saeva
235 394 251 431 e
268 374 400 449 speculis
416 383 536 450 tempus
553 375 611 454 dea
626 383 718 431 nacta
732 373 865 443 nocendi

80 468 175 525 ardua
191 477 272 524 tecta
288 467 363 542 petit
380 467 501 539 stabuli,
518 477 548 525 et
564 468 602 524 de
619 466 751 524 culmine
767 485 886 524 summo

80 561 232 636 pastorale
249 560 331 617 canit
347 560 476 635 signum,
493 579 649 635 cornuque
665 577 791 618 recurvo

81 655 258 710 Tartaream
274 653 405 710 intendit
420 672 536 725 vocem,
555 673 614 727 qua
629 653 770 729 protinus
786 671 876 710 omne

80 746 262 803 contremuit
278 765 385 802 nemus
402 755 432 802 et
447 746 541 803 silvae
557 746 720 804 insonuere
736 746 908 822 profundae
922 769 929 819 ;

80 839 176 895 audiit
192 849 222 896 et
238 838 358 895 Triviae
375 839 463 914 longe
480 838 583 911 lacus3
608 839 704 897 audiit
719 839 817 897 amnis

80 932 214 989 sulfurea
231 934 294 988 Nar
306 932 397 989 albus
414 951 493 1006 aqua
508 932 671 1007 fontesque
687 932 798 1004 Velini,

80 1034 109 1082 et
125 1025 262 1099 trepidae
279 1034 390 1081 matres
406 1043 545 1098 pressere
562 1025 600 1082 ad
616 1034 741 1100 pectora
757 1034 855 1083 natos

79 1128 143 1175 tum
159 1137 230 1174 vero
247 1118 286 1174 ad
302 1136 408 1174 vocem
424 1118 546 1189 celeres,
564 1137 624 1192 qua
639 1117 752 1175 bucina
770 1117 891 1194 signum

80 1211 145 1267 dira
160 1210 254 1281 dedit,
271 1210 366 1284 raptis
383 1220 567 1267 concurrunt
582 1209 718 1286 undique
733 1211 802 1268 telis

80 1303 220 1361 indomiti
236 1302 386 1379 agricolae
402 1327 407 1375 ;
430 1322 565 1360 necnon
581 1313 611 1360 et
626 1303 719 1360 Troia
734 1304 832 1380 pubes

80 1396 215 1454 Ascanio
231 1396 374 1453 auxilium
392 1396 499 1453 castris
515 1395 645 1453 effundit
661 1397 783 1472 apertis

78 1489 214 1546 direxere
231 1489 321 1546 acies.
368 1492 438 1546 Non
455 1488 514 1545 iam
530 1488 695 1547 certamine
711 1489 833 1565 agresti,

78 1581 234 1657 stipitibus
251 1582 334 1639 duris
351 1582 450 1658 agitur
465 1582 631 1640 sudibusve
646 1582 807 1658 praeustis,

78 1675 133 1732 sed
148 1676 228 1732 ferro
244 1675 370 1750 ancipiti
385 1675 562 1746 decernunt,
581 1684 706 1750 atraque
722 1674 782 1733 late

77 1768 225 1825 horrescit
241 1768 353 1826 strictis
370 1787 458 1844 seges
474 1767 609 1840 ensibus,
626 1787 757 1844 aeraque
772 1769 891 1845 fulgent

77 1861 141 1919 sole
158 1860 309 1932 lacessita,
327 1871 357 1919 et
373 1861 471 1918 lucem
487 1861 544 1918 sub
561 1861 665 1918 nubila
681 1861 816 1920 iactant:

77 1954 187 2011 fluctus
203 1954 247 2011 uti
262 1954 359 2029 primo
375 1953 477 2029 coepit
492 1973 561 2010 cum
579 1954 734 2012 albescere
749 1964 851 2027 vente,

77 2047 223 2121 paulatim
239 2066 307 2104 sese
324 2047 401 2103 tollit
417 2065 498 2103 mare
515 2056 545 2104 et
561 2047 651 2104 altius
667 2047 765 2105 undas

76 2139 172 2215 erigit,
190 2139 264 2221 inde
278 2139 346 2213 imo,
355 2139 510 2215 consurgit
526 2139 565 2196 ad
581 2140 705 2196 aethera
720 2140 825 2198 fundo

76 2232 125 2288 hic
141 2231 259 2289 iuvenis
275 2232 403 2306 primam
420 2241 489 2288 ante
506 2231 602 2289 aciem
618 2232 767 2291 stridente
786 2233 908 2309 sagitta,

76 2334 215 2380 natorum
232 2324 341 2400 Tyrrhi
356 2325 455 2382 fuerat
471 2324 522 2399 qui
539 2324 696 2397 maximus,
714 2326 813 2398 Almo,

75 2416 239 2488 sternitur3
262 2414 361 2474 haesit
377 2417 457 2474 enim
474 2417 530 2474 sub
546 2427 667 2493 gutture
683 2418 792 2476 volnus
808 2427 838 2477 et
853 2419 934 2478 udae

75 2510 158 2566 vocis
175 2510 231 2566 iter
247 2520 431 2585 tenuemque
447 2509 570 2567 inclusit
593 2510 741 2587 sanguine
757 2511 859 2570 vitam.

74 2621 201 2676 corpora
218 2603 312 2660 multa
328 2603 424 2659 virum
440 2602 527 2674 circa,
546 2603 708 2679 seniorque
730 2604 889 2677 Galaesus,

74 2695 146 2752 dum
162 2695 231 2769 paci
247 2695 381 2752 medium
397 2715 429 2753 se
446 2696 543 2767 offert,
561 2696 745 2755 iustissimus
762 2716 841 2756 unus

74 2787 125 2862 qui
141 2787 198 2844 luit
215 2788 422 2863 Ausoniisque
439 2789 511 2846 olim
527 2788 696 2847 ditissimus
713 2789 813 2849 arvis:

74 2881 208 2955 quinque
224 2900 331 2957 greges
348 2881 390 2937 illi
406 2882 572 2953 balantum,
590 2883 684 2957 quina
699 2883 841 2941 redibant

73 2983 218 3046 armenta,
236 2982 266 3031 et
282 2983 392 3031 terram
409 2985 530 3032 centum
547 2976 685 3033 vertebat
701 2976 816 3035 aratris.

114 3106 159 3171 518
180 3109 269 3171 natos,
288 3108 501 3172 infantem—519
522 3120 624 3173 vocem,
643 3125 784 3156 sonum.—
792 3121 839 3173 524
860 3111 975 3163 sudibus
992 3124 1065 3177 prae·

71 3184 153 3247 ustis,
179 3185 289 3231 torribus
313 3185 412 3242 obustis,
433 3185 605 3249 (gom—525
624 3183 694 3236 terro
711 3185 841 3251 ancipiti,
861 3187 1062 3254 &penna-527

70 3259 209 3324 lacessita,
236 3269 459 3326 percussa—533
486 3264 592 3326 volnus,
619 3264 808 3327 roperta—534
838 3262 963 3330 inclusit,
991 3267 1063 3314 inter·

62 3337 146 3381 clama
157 3364 191 3371 —-
198 3335 250 3400 536
261 3337 394 3404 medium,
408 3340 596 3401 (deprecatorem.
605 3367 639 3374 —
651 3338 694 3403 538
707 3340 860 3406 balantum,
873 3343 968 3389 ovium.
